2033 3044
255 200 565 255 NATuR.
595 198 940 267 ms‘rxon.
977 200 1144 252 [ΑΒ.
1180 200 1371 255 xxv.
1410 197 1601 253 51-54.
1678 200 1743 255 6⁵

155 305 292 357 xime
311 304 501 355 succis
534 301 1047 371 herbae'turgeant,
1094 304 1543 371 medicenturque
1574 307 1751 359 ubera

155 375 381 441 pascuis.
455 372 670 423 Bibunt
711 379 894 427 autem
935 373 1237 435 vaccinum,
1279 376 1536 438 quoniam
1579 375 1675 425 boi
1688 390 1750 426 es

152 444 469 495 omnivorae
512 441 672 494 ferae
709 449 836 493 sunt
879 443 938 494 in
979 441 1186 495 herbis.
1258 441 1518 493 Potentia
1558 459 1742 495 earum

151 528 240 579 per
275 511 672 579 quadrupedes
701 514 998 563 etiamnum
1031 512 1249 563 duobus
1280 512 1447 563 claris
1480 514 1745 579 exemplis

150 582 442 635 manifesta
466 583 548 631 fit.
625 580 788 631 Circa
809 582 1099 645 Abderam,
1146 589 1201 634 et
1222 582 1474 643 limitem,
1499 585 1593 647 qui
1614 582 1745 633 Dio-

149 654 316 705 medis
335 657 600 711 vocatur,
626 650 748 717 equi
772 652 912 716 pasti
933 652 1347 703 inflammantur
1366 652 1521 703 rabie
1542 670 1558 702 τ
1600 653 1747 703 circa

150 722 368 773 Potnias
389 736 526 772 vero
549 726 610 771 et
629 720 788 771 asini.
983 771 988 777 ,
1150 772 1153 775 ,

207 790 353 843 LlV.
375 788 466 843 43.
509 790 662 841 Inter
700 789 1075 841 nobilissimas
1106 789 1505 843 aristolochiae
1548 805 1747 860 nomen

148 860 360 913 dedisse
400 858 674 927 gravidae
715 859 975 912 videntur
996 897 1012 923 ,
1077 862 1331 927 quoniam
1374 867 1523 913 esset
1560 856 1747 926 ἀρίστη

146 926 424 991 λεχοὺσαις.
500 928 694 980 Nostri
715 930 922 982 malum
943 935 1133 983 terrae
1155 936 1383 993 vocant,
1429 937 1485 983 et
1504 937 1745 998 quatuor

147 1012 340 1064 genera
361 1000 491 1049 eius
511 1004 756 1051 servant.
826 999 1002 1051 Unum
1015 1001 1306 1051 tuberibus
1328 1000 1533 1052 radicis
1559 1006 1747 1051 rotun-

147 1068 242 1129 dis,
263 1066 420 1119 foliis
441 1068 593 1121 inter
612 1069 848 1119 malvam
875 1075 932 1121 et
953 1069 1206 1134 ederam,
1249 1070 1583 1136 nigrioribus
1608 1068 1747 1119 mol-

147 1136 530 1204 lioribusque.·
581 1138 828 1189 Alterum
855 1138 1161 1199 masculae,
1205 1139 1397 1191 radice
1418 1140 1588 1207 longa
1610 1154 1745 1206 qua·

143 1212 264 1258 tuor
282 1206 594 1275 digitorum
619 1205 982 1275 longitudine,
999 1207 1185 1259 baculi
1206 1210 1586 1261 crassitudine.
1608 1210 1745 1261 Ter-

143 1276 270 1327 tium
293 1276 668 1344 longissimae
687 1278 998 1338 tenuitatis,
1024 1278 1152 1329 vitis
1174 1279 1444 1342 novellae,
1487 1280 1644 1331 cuius
1668 1279 1745 1330 sit

144 1348 439 1414 praecipua
465 1346 568 1407 vis,
591 1362 732 1413 quae
753 1346 1049 1399 clematitis
1070 1356 1329 1412 vocatur,
1373 1352 1441 1400 ab
1465 1349 1591 1400 aliis
1616 1348 1745 1399 Crc·

144 1416 263 1467 tica.
335 1417 549 1468 Omnes
597 1417 784 1471 colore
823 1417 1025 1480 buxeo,
1067 1418 1319 1471 caulibus
1357 1420 1564 1485 parvis,
1603 1418 1746 1470 flore⁴

145 1500 436 1554 purpureo.
533 1484 746 1538 Ferunt
779 1487 1043 1540 bacculas
1084 1500 1285 1554 parvas
1304 1525 1321 1553 ,
1360 1497 1422 1540 ut
1466 1488 1741 1556 capparis.

144 1555 342 1608 Valent
363 1555 555 1608 radice
576 1561 809 1608 tantum.
902 1559 1006 1610 Est
1024 1563 1087 1608 ‘et
1109 1572 1249 1624 quae
1272 1558 1632 1626 plistolochia
1650 1573 1745 1608 vo·

145 1631 310 1688 catur,
334 1626 526 1694 quarti
554 1628 793 1692 generis,
833 1627 1076 1689 tenuior,
1122 1643 1281 1693 quam
1302 1629 1553 1694 proxime
1576 1627 1760 1695 dicta‚3

143 1694 316 1748 densis
335 1697 550 1746 radicis
575 1697 1002 1762 capillamentis,
1022 1697 1174 1747 iunci
1194 1698 1458 1763 plenioris
1482 1697 1753 1748 crassitu-.

145 1763 276 1816 dine.
311 1765 486 1816 Hanc
507 1765 728 1832 quidam
751 1765 1116 1832 polyrrhizon
1142 1767 1550 1830 cognominant.
1585 1765 1759 1822 Odor,

143 1836 378 1886 omnium
403 1835 734 1896 medicatus,
775 1834 875 1886 sed
901 1833 1174 1900 oblongae
1204 1833 1383 1885 radici
1398 1834 1751 1904 tenuiorique

141 1905 368 1968 gratior.
445 1904 681 1956 Carnosi
707 1905 851 1956 enim
879 1910 967 1957 est
997 1903 1245 1965 corticis,
1287 1902 1591 1970 unguentis·
1610 1917 1749 1969 quo·

139 1987 242 2038 que
264 1974 518 2026 nardinis
562 1977 912 2027 conveniens.
986 1973 1305 2027 Nascuntur
1325 1971 1624 2039 pinguibus
1666 1970 1747 2021 lo·

139 2044 216 2092 cis
237 2050 293 2094 et
326 2043 757 2110 campestribus.
827 2043 1091 2101 Effodcre
1114 2059 1225 2095 eas,⁴
1242 2043 1511 2100 messibus
1533 2047 1745 2106 tempe-

137 2113 378 2165 stivum:
419 2113 507 2164 ita
535 2113 900 2180 desquamato
934 2121 1159 2166 terreno
1182 2120 1487 2166 serrantur.
1562 2110 1745 2162 Maxi-

139 2196 222 2234 me
239 2189 432 2236 tamen
462 2182 727 2234 laudatur
749 2182 1008 2234 Pontica:
1048 2189 1104 2233 et
1126 2184 1180 2234 in
1197 2197 1523 2251 quocunque
1543 2194 1749 2248 genere

139 2253 620 2317 ponderosissima
639 2267 904 2320 quaeque,
930 2253 1217 2305 medicinis
1242 2256 1439 2320 aptior.
1485 2249 1749 2305 Rotunda

139 2329 334 2374 contra
353 2329 668 2388 serpentes.
743 2322 1002 2388 oblonga
1035 2329 1221 2374 tamen
1244 2325 1298 2373 in
1324 2320 1749 2387 summa-gloria

141 2397 232 2452 est,
272 2394 324 2444 si
351 2390 524 2444 modo
551 2406 584 2441 a
606 2398 876 2458 conceptu
911 2392 1136 2444 admota
1159 2392 1343 2443 -vulvis
1378 2393 1435 2440 in
1458 2405 1621 2442 carne
1643 2389 1745 2440 bu-

139 2459 276 2525 bula,
300 2477 492 2514 mares
521 2464 742 2528 figurat,
767 2468 828 2514 ut
851 2461 1111 2512 traditur.
1185 2461 1499 2512 Piscatores
1522 2461 1747 2525 Campa-

141 2531 252 2583 niae
274 2532 536 2594 radicem
562 2545 683 2588 eam
707 2545 848 2596 quae
865 2530 1116 2585 rotunda
1140 2536 1245 2592 est,
1264 2544 1532 2600 venenum
1557 2536 1744 2583 terrae

140 2609 350 2664 vocant,
375 2615 683 2666 coramque
706 2601 1174 2655 nobiscontusam
1196 2599 1453 2652 immixta
1475 2601 1640 2662 calce,
1686 2603 1745 2650 in

136 2681 278 2723 mare
303 2685 572 2738 sparsere
591 2686 610 2720 :.
645 2669 908 2728 advolant
928 2669 1109 2734 pisces
1132 2668 1435 2735 cupiditate
1453 2671 1612 2730 mira,
1634 2673 1745 2718 sta-

136 2740 344 2808 timque
389 2739 697 2792 exanimati
741 2738 978 2791 fluitant.
1064 2740 1218 2802 Quae
1260 2738 1615 2806 polyrrhizos
1656 2750 1746 2786 co·

198 2807 391 2864 Pam.
435 2811 608 2860 Tox-
645 2805 740 2860 IV.
