2033 3044
213 172 518 226 NATUR.
559 171 894 224 HISTOR.
929 171 1087 224 LIB.
1122 173 1305 226 XXVI
1360 172 1557 228 59-63.
1626 171 1730 230 105

209 276 356 328 Lxl.
401 277 668 330 Venerem
690 274 744 326 in
767 279 944 332 totum
967 276 1182 336 adimit,
1202 282 1267 325 ut
1288 277 1549 340 diximus,
1570 294 1728 346 nym-

148 344 316 414 phaea
336 345 609 397 heraclia:
649 344 838 396 eadem
863 344 1038 397 semel
1060 351 1213 410 pota,
1236 345 1293 394 in
1313 345 1413 397 XL
1434 346 1569 398 dies.
1640 348 1729 399 ln-

148 417 356 468 somnia
399 431 620 482 quoque
641 412 875 466 Veneris
921 431 954 466 a
991 415 1181 466 ieiuno
1226 421 1380 480 pota,
1422 421 1478 465 et
1517 417 1575 466 in
1608 417 1732 468 cibo

147 492 341 536 sumta.
414 486 562 535 lllita
585 499 803 550 quoque
823 483 987 534 radix.
1005 484 1356 552 genitalibus,
1392 483 1608 536 inhibet
1628 499 1737 536 non

143 555 320 606 solum
343 552 640 615 Venerem,
679 552 776 604 sed
813 560 870 604 et
897 551 1238 606 affluentiam
1282 554 1595 620 geniturae:
1666 555 1736 606 ob

143 625 196 675 id
241 639 450 690 corpus
492 623 646 674 alere
688 638 993 691 vocemque
1036 623 1259 675 dicitur.
1355 624 1738 690 Appetentiam

141 694 379 747 Veneris
404 693 542 744 facit
571 693 732 744 radix
763 707 792 744 e
822 691 1011 759 xiphio
1044 693 1321 759 superior,
1362 693 1497 744 data
1526 699 1661 758 potu
1683 695 1737 743 in

139 763 287 816 vino.
361 763 502 814 Item
535 777 704 829 ⁸quam
741 762 1025 815 crethmon
1058 766 1257 832 agrion
1302 763 1610 832 appellant:
1682 767 1739 814 et

139 831 426 884 herminos
447 833 652 900 agrios,
675 848 797 884 cum
821 833 1049 900 polenta
1072 836 1328 887 contrita.

207 902 382 954 an.
411 899 458 952 1.
518 901 628 954 Sed
647 902 796 953 inter
819 919 992 968 pauca
1015 905 1284 957 mirabilis
1305 909 1390 956 est
1410 901 1593 954 orchis
1613 899 1735 952 her-

139 971 236 1024 ba:
274 973 395 1024 sive
433 971 704 1038 serapias,
744 972 895 1023 foliis
920 976 1092 1039 porri,
1132 975 1290 1026 caule
1321 974 1561 1039 palmeo,
1598 967 1737 1021 flore

139 1057 442 1108 purpureo,
479 1043 702 1109 gemina
739 1041 946 1105 radice,
987 1045 1265 1096 testiculis
1302 1042 1507 1094 simili:
1551 1041 1639 1092 ita
1676 1046 1739 1092 ut

141 1113 342 1174 maior,
382 1111 500 1164 sive
541 1117 628 1175 (ut
643 1111 823 1178 aliqui
849 1112 1059 1176 dicunt)
1103 1113 1307 1174 durior,
1352 1128 1417 1165 ex
1442 1125 1585 1177 aqua
1608 1115 1740 1176 pota

143 1182 354 1233 excitet
383 1180 706 1234 libidinem:
749 1183 929 1233 minor
959 1184 1074 1234 sive
1108 1183 1359 1246 mollior,
1400 1198 1431 1234 e
1464 1180 1609 1231 lacte
1652 1195 1741 1231 ca·

145 1250 302 1316 prino
337 1249 610 1304 inhibeat.
685 1251 916 1314 Quidam
959 1252 1101 1304 folio
1141 1254 1331 1305 scillae
1372 1267 1493 1304 esse
1534 1249 1741 1313 dicunt,
1783 1249 1786 1253 '

143 1320 388 1372 laeviore
410 1335 476 1370 ac
497 1321 738 1382 minore,
780 1321 938 1373 caule
957 1323 1203 1389 spinoso.
1277 1321 1511 1373 Radices
1538 1323 1741 1371 sanant

149 1389 261 1440 oris
283 1388 546 1441 hulcera:
582 1388 826 1441 thoracis
845 1393 1093 1458 pituitas,
1126 1392 1307 1444 alvum
1332 1393 1537 1443 sistunt
1559 1405 1589 1442 e
1608 1389 1738 1439 vino

150 1465 330 1527 potae.
425 1459 852 1511 Concitatricem
892 1462 1002 1512 vim
1044 1461 1213 1516 habet
1253 1463 1524 1531 satyrion.
1608 1459 1737 1510 Duo

149 1532 265 1581 eius
304 1544 538 1598 genera:
581 1544 690 1579 una
728 1531 1074 1599 longioribus
1116 1533 1307 1594 foliis,
1364 1548 1525 1599 quam
1566 1531 1740 1591 oleae,

149 1600 302 1651 caule
324 1606 568 1667 quatuor
592 1599 908 1667 digitorum,
943 1600 1083 1653 flore
1116 1617 1409 1667 purpureo,
1443 1600 1627 1651 radice
1648 1615 1739 1667 ge-

147 1669 292 1721 mina
314 1670 381 1719 ad
410 1668 648 1720 formam
673 1668 910 1737 hominis
932 1671 1190 1731 testium,
1232 1670 1462 1721 alternis
1485 1670 1641 1719 annis
1664 1668 1743 1717 in·

145 1745 488 1790 tumescente
511 1752 578 1789 ea
602 1754 665 1790 ac
684 1739 985 1790 residente.
1079 1738 1269 1791 Altera
1290 1740 1535 1805 satyrios
1558 1736 1743 1788 orchis

149 1808 590 1874 cognominatur,
615 1817 672 1858 et
689 1808 896 1859 femina
919 1823 1039 1859 esse
1064 1808 1328 1859 creditur.
1368 1808 1745 1871 Distinguitur

147 1878 481 1929 internodiis
508 1883 564 1928 et
586 1878 890 1928 ramosiore
913 1876 1142 1942 frutice,
1184 1877 1370 1927 radice
1394 1874 1621 1925 fascinis
1640 1874 1745 1924 uti-

145 1946 205 1997 li.
275 1946 546 1998 Nascitur
585 1944 705 1997 fere
747 1949 906 1997 iuxta
944 1962 1113 1999 mare.
1172 1948 1334 1997 Haec
1374 1950 1641 2004 tumores,
1690 1948 1749 1993 et

51 2012 58 2019 '
144 2015 285 2067 vitia
319 2018 568 2081 partium
597 2030 782 2066 earum
823 2032 945 2066 cum
979 2016 1211 2083 polenta
1246 2016 1395 2067 illita
1436 2012 1618 2075 sedat,
1656 2011 1750 2062 vel

143 2100 244 2150 per
264 2100 338 2137 se.
438 2084 760 2150 Superioris
781 2086 940 2136 radix
962 2086 1014 2136 in
1037 2088 1185 2139 lacte
1208 2090 1324 2137 ovis
1348 2083 1635 2137 colonicae
1656 2080 1748 2132 da-

143 2162 218 2218 ta,
241 2170 444 2205 nervos
466 2155 734 2205 intendit:
775 2156 966 2207 eadem
994 2172 1064 2209 ex
1076 2172 1229 2223 ,aqua
1246 2154 1506 2207 remittit.

211 2224 418 2277 Lxlll.
439 2225 495 2274 2.
541 2222 745 2275 Graeci
769 2225 1041 2291 satyrion,
1073 2226 1229 2277 foliis
1250 2225 1356 2275 lilii
1376 2224 1547 2283 rubri,
1567 2220 1749 2272 mino-

146 2293 318 2355 ribus,
362 2297 422 2344 et
445 2293 626 2343 tribus
660 2308 769 2345 non
798 2294 1032 2359 amplius
1056 2311 1085 2347 e
1116 2302 1271 2348 terra
1291 2292 1617 2348 exeuntibus
1640 2297 1750 2341 tra-

151 2362 297 2425 dunt,
340 2362 506 2414 caule
549 2362 713 2424 laevi,
757 2364 1002 2425 cubitali,
1046 2364 1196 2415 nudo
1212 2401 1227 2427 ,
1265 2364 1455 2415 radice
1492 2360 1748 2427 gemina:

151 2434 302 2483 cuius
324 2431 572 2483 inferior
594 2446 719 2500 pars
742 2438 798 2485 et
819 2432 998 2493 maior
1019 2448 1199 2485 mares
1220 2433 1415 2501 gignat
1439 2469 1455 2493 ‚
1490 2428 1744 2497 superior

153 2516 210 2551 ac
229 2502 426 2553 minor
447 2499 702 2553 feminas.
775 2502 850 2553 Et
887 2502 1038 2553 aliud
1064 2516 1237 2569 genus
1257 2503 1455 2570 satyrii
1479 2498 1752 2568 erythrai-

151 2585 248 2622 con
273 2569 584 2637 appellant,
625 2573 831 2623 semine
855 2570 1052 2622 urticis
1085 2570 1315 2633 maiore,
1357 2572 1534 2622 laevi:
1581 2570 1752 2621 durae

149 2640 382 2699 radicis,
427 2640 639 2692 cortice
659 2642 850 2703 rubro,
891 2641 1045 2691 intus
1076 2642 1263 2691 album
1288 2640 1513 2702 includi,
1554 2650 1760 2705 sapore

148 2708 446 2769 subdulce,
469 2704 588 2761 fere
604 2713 664 2763 in
681 2710 987 2762 montuosis
1010 2709 1265 2763 inveniri.
1336 2712 1629 2771 Venerem,
1669 2710 1753 2758 et·
