2033 3044
247 123 318 177 ⁷2
655 122 718 177 0.
755 120 1035 176 PLINII
1074 120 1449 177 suenum

245 240 340 277 sus
380 228 514 291 pota
551 231 720 295 atque
757 225 910 301 iilita
942 224 1201 295 prodest=
1244 226 1545 281 Vettonica
1584 240 1661 280 ex
1682 242 1857 283 mero

244 299 452 347 vetere.

289 363 619 429 LXXVIII.
655 364 743 422 23.
781 364 1121 417 Peristereos
1139 370 1386 427 vocatur,
1410 364 1567 417 caule
1579 366 1727 429 alto,
1766 365 1845 419 fo·

243 432 404 495 liato,
427 438 708 487 cacumine
729 434 948 486 in‘alios
973 435 1157 486 caules
1176 450 1237 487 se
1259 450 1540 503 spargens,
1566 436 1847 489 columbis

245 502 540 555 admodum
565 504 874 565 familiaris,
898 503 1048 554 >unde
1080 511 1137 556 et
1155 520 1373 557 nomen.
1443 506 1607 557 Hanc
1643 506 1849 559 haben·

247 578 334 623 tes
363 581 568 640 negant
598 574 797 625 latrari
821 590 854 625 a
878 574 1121 624 canibus.
1630 587 1637 593 ·

303 642 568 694 LXXIX.
607 643 870 695 Proxima
895 644 963 693 ab
988 641 1073 693 his
1096 642 1261 695 malis
1286 658 1497 695 venena
1517 649 1847 707 sunt,quae

247 712 576 779 sibimetipsi
602 712 852 764 homines
875 712 1215 780 excogitant.
1271 713 1481 765 Contra
1496 712 1637 764 haec
1660 714 1849 763 omnia

247 784 606 850 magicasque
628 788 780 834 artes
801 782 910 833 erit
928 782 1162 850 primum
1186 781 1329 833 illud
1344 784 1701 835 Homericum
1726 797 1848 833 mo·

249 852 327 917 ly,
369 852 495 905 dein
531 852 936 913 Mithridation,
979 858 1037 904 et
1066 851 1359 913 scordotis,
1408 860 1465 904 et
1484 854 1851 905 centaurium.

250 921 396 973 Potu
417 923 604 973 omnia
622 923 769 974 mala
783 922 1185 973 medicamenta
1206 922 1379 989 exigit
1400 937 1497 989 per
1518 923 1693 973 almm
1708 920 1851 975 Vet-

252 992 473 1045 tonicae
495 1008 680 1045 semen
720 994 777 1043 in
810 992 984 1042 mulso
1011 997 1108 1042 aut
1127 1006 1314 1057 passo,
1348 993 1436 1043 vel
1476 992 1689 1045 sannae
1716 990 1850 1044 dra·

253 1060 418 1113 chma
447 1063 504 1113 in
533 1062 654 1114 vini
679 1062 881 1114 veteris
903 1060 1123 1127 cyathis
1147 1062 1237 1113 IV.
1310 1058 1545 1113 Vomere
1582 1062 1851 1127 cogendi,
1903 1074 1911 1083 ·

253 1135 421 1197 atque
454 1134 654 1183 iterum
695 1132 903 1183 bibere.
977 1131 1054 1181 Iis
1079 1131 1174 1197 qui
1198 1130 1443 1196 quotidie
1534 1133 1689 1181 stent
1705 1145 1850 1191 eam,

253 1200 409 1251 nulla
451 1202 704 1252 nocitura
745 1201 895 1252 mala
934 1201 1343 1252 medicamenta
1380 1207 1437 1251 tr
1506 1204 1625 1251 unt.
1698 1198 1849 1252 Poto

251 1284 462 1321 veneno
496 1269 865 1322 aristolochia
907 1270 1165 1321 subvenit
1196 1270 1386 1321 eadem
1425 1283 1695 1331 mensura,
1738 1284 1852 1337 qua

253 1344 448 1389 contra
485 1346 833 1405 serpentesu
857 1338 1227 1406 quinquefolii
1270 1354 1483 1394 succus:
1530 1342 1852 1405 agaricum,

249 1414 546 1475 postquam
567 1410 878 1460 vomuerint
899 1408 1117 1461 denarii
1139 1410 1383 1475 pondere
1406 1423 1477 1459 ex
1499 1423 1678 1477 aquae
1701 1409 1847 1461 mul·

251 1492 347 1531 sae
373 1476 592 1546 cyathis
614 1479 806 1532 tribus.

319 1547 545 1601 LXXX.
585 1547 632 1600 1.
669 1548 1031 1602 Antirrhinon
1062 1556 1310 1613 vocatur,
1346 1548 1464 1600 sive
1484 1547 1847 1613 anarrhinon,

247 1617 370 1669 sive
412 1617 632 1685 lychnis
677 1619 850 1686 agria,
893 1619 1091 1673 similis
1112 1619 1245 1683 lino,
1288 1618 1469 1670 radice
1488 1618 1666 1682 nulla,
1705 1619 1847 1672 flore

250 1685 557 1755 hyacinthi,
597 1693 807 1742 semine
826 1689 988 1741 vituli
1007 1691 1245 1740 narium.
1294 1687 1384 1738 ‘Et
1414 1687 1521 1740 hoc
1539 1697 1845 1754 perunctos

250 1758 598 1811 venustiores
640 1761 784 1824 fieri,
825 1775 924 1812 nec
947 1758 1065 1810 ullo
1087 1758 1234 1810 malo
1267 1757 1671 1810 medicamento
1694 1759 1845 1811 laedi

251 1841 418 1895 posse
458 1834 558 1880 aut
576 1845 806 1893 veneno,
848 1831 898 1884 si
917 1829 1042 1898 quis
1065 1830 1123 1879 in
1143 1827 1412 1882 brachiali
1430 1826 1655 1892 habeat,
1702 1829 1847 1882 arbi-

251 1903 473 1951 trantur
493 1898 662 1967 Magi.
825 1907 828 1910 ’
879 1907 884 1914 ’

321 1966 578 2019 LXXXI.
602 1969 652 2019 2.
678 1968 950 2020 Similiter
968 1983 1051 2030 ea,
1066 1980 1221 2036 quam
1239 1966 1489 2034 eupleam
1504 1973 1727 2030 vocant,
1738 1972 1846 2018 tra-

251 2037 495 2104 dantque
537 2053 604 2090 ea
641 2046 938 2104 perunctos
961 2037 1449 2090 commendatioris
1472 2052 1597 2090 esse
1640 2035 1844 2090 famae.

247 2108 599 2158 Artemisiam
621 2122 838 2174 quoque
857 2123 1044 2160 secum
1060 2107 1389 2159 habentibus
1411 2111 1620 2174 negant
1638 2119 1845 2158 nocere

251 2176 403 2230 mala
429 2177 847 2238 medicamenta,
887 2177 1193 2229 bestiamve
1213 2177 1406 2239 ullam,
1427 2193 1496 2228 ne
1516 2174 1709 2228 Solem
1732 2175 1847 2244 qui·

250 2245 397 2298 dem.
467 2246 691 2298 Bibitur
715 2253 769 2297 et
789 2245 926 2298 haec
949 2262 1018 2298 ex
1040 2246 1165 2296 vino
1187 2246 1449 2299 adversus
1473 2245 1683 2312 opium.
1754 2243 1844 2297 Al-

247 2314 423 2382 ligata
463 2317 719 2382 privatim
761 2323 957 2382 potens
999 2317 1265 2380 traditur,
1312 2324 1539 2384 potave,
1578 2313 1843 2368 adversus

253 2398 435 2435 ranas.

321 2451 600 2505 LXXXII.
634 2453 684 2506 3.
719 2452 1080 2521 Pericarpu'm
1118 2453 1274 2504 bulbi
1312 2466 1485 2520 genus
1507 2459 1611 2506 est.
1685 2453 1841 2506 Duae

252 2518 373 2572 eius
391 2521 638 2584 species:
683 2525 891 2576 cortice
932 2525 1097 2575 rubro
1129 2523 1383 2584 alterum,
1422 2521 1663 2574 alterum
1684 2524 1842 2590 nigro

251 2589 512 2654 papaveri
533 2590 730 2644 simile.
803 2593 910 2646 Sed
933 2592 1014 2644 vis
1035 2593 1233 2653 maior,
1274 2605 1435 2657 quam
1456 2592 1669 2659 priori:
1710 2591 1844 2643 utri-

253 2670 360 2724 que
380 2660 568 2706 autem
593 2659 1027 2715 excalfacieudi.·
1052 2680 1061 2691 ·
1080 2659 1211 2714 Ideo
1230 2666 1429 2714 contra
1449 2661 1693 2716 cicutam
1714 2659 1841 2716 dan-
