2033 3044
195 112 862 169 NATURHISTOR.
899 115 1061 168 LIB.
1089 115 1537 172 xxvln.o9-74.
1605 119 1711 174 209

139 225 342 271 coctum
365 220 426 270 in
447 222 610 269 aceto
633 233 755 270 cum
780 219 960 282 melle,
995 219 1353 272 utilissimum
1372 228 1586 288 putant,
1623 223 1715 276 vcl

138 294 486 355 putrescente
508 302 696 338 nervo·
766 285 1074 354 spasmata,
1115 295 1171 340 et
1200 304 1468 355 percussu
1496 294 1711 356 vitiata,

143 360 254 410 fimo
275 361 534 425 apru'gno
557 361 765 418 curant,
796 373 924 410 vere
948 359 1183 410 collecto
1208 369 1265 411 et
1288 359 1551 412 arefacto.
1625 363 1717 414 Sic

145 433 192 477 et
212 428 498 494 quadrigis
516 426 740 494 agendis
772 432 1000 489 tractos,
1039 434 1232 480 rotave
1263 429 1603 482 vulneratos:
1662 437 1719 483 et

147 512 353 566 quoquo
377 495 549 548 modo
573 497 840 564 sanguine
859 504 1107 560 contum,
1146 498 1236 549 vel
1259 498 1308 547 si
1330 513 1521 550 recens
1539 499 1719 551 illina-

146 573 238 618 tur.
307 566 456 619 Sunt
478 569 570 633 qui
595 565 872 618 incoxisse
893 573 1053 618 aceto
1072 567 1269 619 utilius
1292 573 1505 632 putent.
1576 569 1721 630 Quin

147 641 193 688 et
213 639 266 688 iu
287 643 426 704 potu
446 636 680 688 farinam
705 649 824 686 eam
847 639 1043 702 ruptis,
1092 638 1626 703 convulneratisque,
1664 644 1723 690 et

147 708 356 768 cversis,
401 720 474 756 ex
497 711 656 756 aceto
681 705 984 758 salutarem
1006 707 1356 772 promittunt.
1426 707 1719 763 Recentio-

146 791 230 826 res
247 777 489 828 cinerem
513 775 634 826 eius
661 790 734 826 ex
753 789 898 842 aqua
915 777 1129 829 bibunt.
1200 777 1511 844 Feruntque
1533 783 1591 828 et
1609 777 1660 828 N
1662 793 1719 830 e·

146 859 324 896 ranem
345 845 654 912 principem
677 843 780 896 hac
799 845 1031 912 potione
1050 847 1294 898 recreari
1314 847 1555 910 solitum,
1596 861 1723 898 cum

147 914 226 965 sic
243 927 453 981 quoque
477 929 540 966 se
560 913 790 982 trigario
813 915 1123 982 approbare
1141 915 1329 969 vellet.
1399 916 1721 968 Proximam

148 983 300 1035 suillo
321 985 456 1035 fimo
485 983 595 1044 vim
617 989 832 1050 putant.

207 1053 458 1106 Lxxlll.
497 1051 826 1119 Sanguinem
850 1053 1001 1105 sistit
1032 1053 1320 1122 coagulum
1353 1053 1625 1106 cervinum
1651 1069 1723 1108 ex

150 1129 325 1176 aceto:
354 1125 492 1176 item
511 1123 736 1190 leporis.
770 1125 953 1176 Huius
976 1124 1197 1192 quidem
1217 1129 1275 1176 ct
1296 1124 1527 1189 pilorum
1549 1122 1687 1175 cinis
1708 1139 1725 1174 ε

149 1193 276 1246 item
315 1208 386 1244 ex
429 1193 560 1244 fimo
592 1193 730 1244 asim
775 1195 912 1247 cinis
953 1193 1150 1247 illitus.
1232 1193 1526 1245 Efficacior
1565 1194 1649 1244 vis
1690 1209 1723 1244 e

150 1262 382 1314 maribus
425 1269 587 1314 aceto
631 1263 905 1326 admixto,
974 1269 1033 1317 et
1059 1266 1114 1314 iu
1143 1264 1273 1316 lana
1306 1263 1377 1315 ad
1414 1277 1573 1316 omne
1595 1277 1721 1330 pro-

151 1330 366 1384 fluvium
384 1333 679 1398 imposito:
717 1334 978 1386 similiter
1010 1348 1080 1386 cx
1098 1335 1297 1400 equino
1338 1337 1517 1402 capite
1549 1339 1607 1386 et
1638 1331 1722 1386 fe·

152 1402 308 1454 mine.
343 1403 453 1453 Aut
473 1402 588 1453 fimi
606 1403 906 1453 vitulorum
927 1403 1067 1454 cinis
1089 1405 1265 1455 illitus
1286 1419 1353 1454 ex
1372 1411 1556 1455 aceto.
1579 1403 1721 1454 Item

152 1471 354 1538 caprini
373 1485 571 1522 cornus
591 1471 678 1522 vel
701 1472 819 1524 fimi
839 1485 908 1522 ex
933 1477 1111 1525 aceto.
1180 1473 1401 1525 Hircini
1427 1488 1557 1525 vero
1580 1472 1717 1525 ioci-

151 1542 288 1593 neris
306 1541 536 1593 dissecti
565 1542 746 1593 sanies
771 1540 1071 1593 efficacior:
1109 1546 1166 1593 et
1186 1542 1323 1592 cinis
1346 1545 1629 1607 utriusque
1650 1554 1722 1593 ex

150 1613 268 1661 vino
308 1616 490 1677 potus,
530 1610 615 1664 vel
657 1610 883 1662 naribus
923 1624 992 1661 ex
1030 1614 1188 1661 aceto
1232 1609 1431 1662 illitus·
1502 1609 1721 1662 Hircini

151 1695 358 1748 quoque
375 1680 519 1731 utris
548 1680 748 1731 vinarii
778 1679 1064 1729 dumtaxat
1100 1678 1252 1739 cinis,
1292 1692 1415 1729 cum
1444 1680 1569 1745 pari
1587 1693 1722 1745 pon-

154 1748 280 1801 dere.
293 1750 536 1802 resinae:
575 1764 684 1817 quo
711 1762 911 1817 genere
935 1748 1151 1798 sistitur
1171 1746 1415 1814 sanguis,
1446 1754 1501 1799 et
1523 1747 1720 1798 vulnus

150 1817 464 1885 glutinatur.
535 1818 854 1871 Hoedinum
893 1830 1107 1883 quoque
1140 1816 1434 1883 coagulum
1454 1829 1525 1867 ex
1545 1821 1722 1877 aceto,

150 1895 202 1939 et
218 1887 479 1941 feminum
505 1888 624 1939 eius
646 1887 1055 1940 combustorum
1076 1885 1231 1947 cinis,
1270 1884 1531 1937 similiter
1550 1885 1720 1951 polle·

146 1972 202 2009 re
227 1956 545 2011 traduntur}

207 2024 453 2078 LXXIV.
474 2026 717 2077 Hulcera
737 2033 898 2078 sanat
918 2025 977 2077 in
998 2024 1153 2077 tibiis
1175 2024 1531 2091 cruribusque
1552 2023 1722 2089 adeps

145 2096 376 2157 ursinus,
421 2096 666 2147 admixta
692 2096 932 2147 rubrica.
1002 2096 1155 2157 Quae
1194 2110 1325 2146 vero
1364 2099 1605 2159 serpunt,
1642 2092 1721 2145 fel

147 2179 446 2234 aprugnum
475 2180 598 2215 cum
631 2166 820 2217 resina
858 2170 915 2215 et
937 2180 1187 2216 cerussa:
1225 2164 1574 2215 maxillarum
1598 2162 1723 2229 apri

145 2234 228 2287 vel
253 2250 416 2287 suum
458 2235 620 2286 cinis:
659 2236 843 2285 {imum
884 2249 1041 2285 suum
1083 2233 1287 2285 illitum
1317 2234 1549 2285 siccum=
1586 2232 1723 2282 item

148 2305 426 2371 caprinum
448 2318 518 2355 ex
541 2309 697 2357 aceto
719 2301 1201 2355 subfervefactum.
1273 2304 1469 2354 Cetera
1486 2315 1723 2367 purgan-

146 2380 231 2425 tur
251 2380 311 2427 et
333 2374 630 2440 explentur
647 2372 886 2440 butyro:
941 2386 1139 2423 cornus
1166 2371 1373 2423 cervini
1394 2372 1597 2432 cinere,
1634 2368 1725 2421 vel

147 2443 387 2495 medulla
407 2442 576 2494 cervi:
607 2442 752 2503 ,felle
781 2439 1002 2492 taurino
1036 2455 1159 2492 cum
1182 2441 1409 2507 cyprino
1438 2439 1584 2499 oleo,
1626 2444 1724 2491 aut

144 2513 308 2566 irino.
379 2511 595 2581 Fimum
637 2526 832 2564 recens
872 2524 1051 2571 suum,
1093 2508 1183 2561 vel
1213 2508 1508 2561 inveterati
1541 2506 1725 2560 farina

146 2583 378 2635 illinitur
399 2581 716 2634 vulneribus
736 2580 886 2633 ferro
906 2576 1091 2630 factis.
1161 2576 1538 2645 Phagedacnis
1562 2585 1621 2630 et
1655 2578 1721 2629 fi-

147 2654 308 2713 stulis
327 2650 651 2705 immittitur
672 2650 750 2703 fel
765 2648 930 2713 tauri,
940 2663 1065 2701 cum
1090 2661 1251 2701 succo
1272 2648 1443 2713 porri,
1464 2654 1560 2701 aut
1579 2649 1725 2700 lacte

221 2720 408 2774 Pmn.
446 2722 607 2773 Tou.
643 2720 737 2775 lv.
1268 2718 1315 2769 Ο
