2033 3044
219 180 324 237 NA
342 180 528 233 TUR.
549 182 604 233 H
623 180 642 231 Ι
659 179 696 233 S
714 180 901 232 Tou.
925 179 1083 233 Lm.
1106 179 1363 237 xxvm.
1380 182 1465 235 22.
1483 182 1573 237 23.
1650 182 1745 235 1⁷1

219 282 428 335 xxm.
467 282 602 334 Post
622 282 760 347 haec
781 282 964 333 nullus
986 288 1075 335 est
1094 284 1308 336 modus.
1368 287 1481 337 Iam
1504 285 1745 352 primum

145 352 297 420 abigi
322 352 626 419 grandines
667 352 1029 417 turbinesque
1052 360 1251 405 contra
1287 353 1507 421 fulgura
1545 356 1669 421 ipsa
1687 358 1746 406 in

151 436 338 473 mense
363 420 702 483 connudata,
724 421 807 471 sie
826 421 1000 472 averti
1022 421 1341 474 violentiam
1368 423 1533 474 caeli:
1571 424 1630 473 in
1653 438 1749 475 na-

145 490 394 558 vigando
435 489 658 557 quidem
703 495 1066 555 tempestates
1098 492 1265 543 etiam
1288 492 1409 543 sine
1430 495 1745 544 menstruis.

146 560 228 611 Ex
273 560 414 626 ipsis
440 574 572 609 vero
597 558 893 621 mensibus,
935 560 1293 611 monstrificis
1316 562 1475 621 alias,
1515 560 1603 611 uti
1644 576 1745 613 suo

143 628 274 680 loco
315 627 702 689 indicavimus,
746 628 867 677 dira
907 633 965 679 et
1007 628 1237 679 infanda
1267 630 1671 680 vaticinantur=
1714 645 1745 682 e

143 697 350 765 quibus
374 696 586 748 dixisse
608 711 717 747 non
744 697 966 761 pudeat,
1006 698 1054 746 si
1074 699 1129 749 in
1153 697 1405 749 defectus
1424 696 1617 749 Lunae
1638 694 1741 749 So-

145 766 280 817 lisve
303 772 578 833 congruat
599 768 682 817 vis
705 766 826 827 illa,
849 765 1319 817 irremediabilem
1343 767 1489 819 fieriz
1522 783 1633 819 non
1656 781 1743 817 se·

142 836 308 903 gnius
323 836 392 886 'et
415 836 474 885 in
496 834 696 887 silente
717 834 892 895 Luna,
917 836 1205 902 coitusque
1223 842 1339 885 tum
1362 835 1603 886 maribus
1628 836 1743 887 exi·

143 904 316 955 tiales
355 918 478 955 esse
516 910 682 971 atque
718 901 1034 969 pestiferos.
1105 904 1407 971 purpuram
1433 918 1648 972 quoque
1672 904 1742 954 ab

141 972 234 1025 his
275 988 345 1025 eo
391 980 645 1040 tempore
667 972 878 1038 pollui·
933 973 1117 1023 Tanto
1158 974 1267 1024 vim
1313 989 1433 1025 esse
1454 973 1740 1023 maiorem.

143 1044 492 1109 Quocunque
513 1047 696 1093 autem
711 1042 826 1092 alio
849 1046 1155 1104 menstruo,
1168 1042 1215 1092 si
1231 1041 1473 1092 nudatae
1494 1048 1743 1108 segetem

142 1112 412 1171 ambiant,
461 1126 670 1171 erucas,
712 1126 778 1163 ac
797 1110 1143 1173 vermiculos,
1188 1110 1650 1177 scarabaeosque,
1676 1124 1741 1161 ac

141 1181 315 1233 noxia
349 1179 466 1231 alia
503 1180 777 1231 decidere.
847 1178 1209 1232 Metrodorus
1232 1178 1491 1245 Scepsius
1512 1180 1570 1229 in
1595 1180 1738 1245 Cap·

143 1249 386 1316 padocia
407 1249 688 1301 inventum
710 1247 914 1314 prodit,
938 1248 1007 1300 ob
1032 1248 1439 1301 multitudinem
1466 1249 1761 1301 canthari·-

141 1318 288 1369 dum.
365 1317 454 1368 Ire
471 1332 606 1383 ergo
627 1333 724 1383 per
744 1317 924 1367 media
947 1333 1099 1381 arua,
1114 1320 1341 1369 retectis
1364 1334 1532 1385 super
1550 1317 1737 1370 clunes

139 1386 412 1439 vestibus.
485 1386 632 1437 Alibi
656 1394 928 1453 servatur,
947 1392 1013 1436 ut
1035 1388 1197 1437 nudis
1223 1388 1453 1453 pedibus
1476 1393 1621 1450 eant,
1652 1402 1739 1437 ea-

139 1456 276 1521 pillo
300 1456 604 1520 cinctuque·
635 1455 926 1505 dissoluto.
1002 1456 1307 1507 Cavendum
1342 1472 1409 1507 ne
1438 1456 1499 1508 id
1523 1457 1737 1508 oriente

138 1526 274 1578 Sole
316 1525 529 1576 faciant
551 1542 564 1574 ε
606 1531 910 1576 sementem
947 1525 1095 1574 enim
1136 1541 1401 1576 arescere.
1474 1526 1612 1578 Item
1634 1539 1735 1576 no·

135 1594 318 1647 rellas
367 1597 512 1645 vites
554 1594 671 1644 eius
712 1600 869 1644 tactu
909 1593 964 1642 in
991 1599 1315 1658 perpetuum
1338 1593 1511 1645 laedi:
1552 1601 1734 1645 rutam

135 1672 196 1715 et
219 1662 439 1723 ederas,
481 1677 572 1714 res
603 1662 1087 1721 medicatissimas,
1124 1661 1279 1712 illico
1321 1663 1476 1712 mori.
1548 1662 1735 1712 Multa

136 1731 389 1784 diximus
433 1731 502 1782 de
543 1729 648 1782 hac
668 1729 954 1782 violentia.
1028 1729 1135 1780 Sed
1162 1733 1382 1793 praeter
1402 1730 1504 1780 illa
1523 1737 1733 1782 certum

137 1807 246 1864 est,
289 1815 426 1868 apes
446 1801 612 1850 tactis
633 1799 894 1850 alveariis
916 1798 1137 1864 fugere:
1180 1799 1315 1858 lina,
1356 1813 1475 1847 cum
1500 1812 1735 1863 coquan-

137 1875 258 1934 tur,
300 1869 620 1936 nigrescere
642 1887 653 1918 ε
696 1868 870 1921 aciem
906 1867 964 1918 in
1005 1865 1197 1916 cultris
1239 1869 1521 1916 tonsorum
1566 1865 1729 1917 hebe-

135 1944 386 1993 tescere:
429 1953 524 1989 aes
565 1943 877 1988 contactum
915 1949 1084 2002 grave
1123 1936 1273 1986 virus
1308 1935 1497 1984 odoris
1518 1935 1730 2000 accipe·

133 2023 198 2061 re
221 2015 280 2061 et
304 2007 650 2074 aeruginem,
689 2005 866 2072 magis
910 2006 956 2056 si
997 2005 1351 2056 decrescente
1373 2003 1531 2054 Luna
1568 2003 1625 2053 id
1647 2018 1734 2054 ac-

136 2077 322 2130 cidat:
365 2091 553 2142 equas,
594 2077 644 2125 si
666 2076 777 2126 sint
799 2074 1083 2142 gravidae,
1126 2079 1302 2125 tactas
1326 2073 1577 2124 abortum
1599 2072 1733 2138 pati.

138 2147 286 2213 Quin
313 2152 372 2197 et
392 2150 622 2210 aspectu
662 2147 904 2205 omnino,
946 2145 1195 2210 quamvis
1235 2141 1432 2208 procul
1471 2143 1641 2204 visas,
1685 2141 1736 2191 si

135 2217 400 2283 purgatio
427 2214 530 2265 illa
550 2219 678 2280 post
697 2213 1075 2280 virginitatem
1100 2215 1281 2277 prima
1300 2211 1389 2272 sit,
1429 2216 1525 2261 aut
1545 2210 1601 2260 in
1620 2212 1733 2259 vir·

140 2286 268 2353 gine
310 2285 520 2334 aetatis
559 2289 774 2349 sponte.
845 2281 983 2332 Nam
1029 2281 1273 2332 bitumen
1317 2280 1375 2329 in
1398 2279 1601 2330 Iudaea
1638 2293 1736 2329 na-

141 2369 322 2416 scens,
343 2352 468 2403 sola
490 2351 592 2403 hac
614 2353 668 2402 vi
701 2351 951 2416 superari
973 2350 1069 2400 filo
1091 2351 1263 2401 vestis
1286 2352 1599 2409 contactae,
1639 2345 1736 2412 dc-

141 2425 375 2473 cuimus.
453 2421 536 2472 Ne
560 2421 691 2486 igne
714 2419 936 2486 quidem
959 2421 1219 2478 vincitur,
1266 2432 1375 2484 quo
1398 2421 1621 2467 cuncta:
1662 2416 1739 2466 ci·

142 2490 337 2558 nisque
359 2490 528 2541 etiam
553 2491 670 2551 ille,
709 2489 758 2540 si
782 2489 905 2554 quis
927 2494 1187 2558 aspergat
1206 2485 1453 2537 lavandis
1471 2486 1735 2546 vestibus,

142 2574 427 2626 purpuras
436 2563 635 2621 mutat,
647 2557 838 2608 florem
862 2555 1145 2607 coloribus
1159 2554 1381 2617 adimit,
1393 2554 1490 2605 nei
1497 2555 1609 2620 psis
1622 2554 1741 2621 qui·-

143 2629 270 2680 dem
293 2627 518 2680 feminis
535 2626 683 2680 malo
707 2641 808 2677 suo
831 2625 979 2676 inter
1002 2641 1063 2676 se
1084 2624 1433 2675 immunibus.
1468 2623 1737 2674 Abortum

146 2695 290 2750 tacit
332 2697 527 2761 illitus,
572 2701 672 2748 aut
691 2696 744 2748 si
763 2696 987 2748 omnino
1011 2708 1321 2762 praegnans
1350 2690 1735 2771 supergredi&
