2033 3044
206 168 1564 237 NATURHISTOR.LJB.xxvm.15-1⁷.
1641 172 1743 229 16⁷
1839 118 1853 134 ο

144 272 280 326 haec
308 271 651 325 in‘conciliis
676 270 877 323 dueum
900 277 1310 338 potestatumre
1349 274 1475 325 fieri
1513 280 1742 328 vetuere

144 343 404 402 maiores,
426 340 580 391 velut
600 354 815 392 omnem
840 349 1022 391 aetum
1043 341 1426 407 impedientia.
1501 345 1744 397 Vetuere

143 418 197 463 et
218 411 419 472 sacris,
442 411 673 469 votisve,
695 409 869 460 simili
892 409 1059 460 modo
1082 410 1372 462 interesse.
1436 412 1633 475 Capita
1651 428 1745 463 au·

144 488 249 533 tem
273 478 491 545 aperiri
512 482 742 542 aspectu
762 480 1209 544 magistratuum,
1237 494 1347 530 non
1367 482 1744 531 venerationis

148 563 311 601 causa
333 548 571 606 iussere,
592 546 689 597 sed
714 545 803 611 (ut
824 547 1005 597 Varro
1026 554 1222 599 auctor
1245 552 1354 610 est)
1389 548 1746 611 valetudinis,

147 617 415 685 quoniam
479 615 729 664 firmiora
770 616 1174 668 consuetudine
1217 632 1284 668 ea
1325 618 1538 667 fierent.
1611 620 1748 668 Cum

145 687 276 753 quid
292 684 465 737 oculo
481 683 756 745 inciderit,
772 684 1007 736 alterum
1034 686 1322 751 comprimi
1337 686 1587 751 prodest.
1613 686 1748 736 Cum

145 770 291 822 aqua
314 754 549 805 dextrae
573 752 879 814 auriculae,
924 755 1152 805 sinistro
1173 755 1313 821 pede
1335 754 1634 816 exsultare,
1659 770 1748 805 ca-

146 829 258 891 pite
280 824 341 873 in
366 821 625 873 dextrum
665 820 955 875 humerum
979 822 1220 875 devexo:
1260 824 1497 875 invicem
1519 838 1550 875 e
1573 821 1752 874 diver-

144 909 206 945 sa
226 906 383 943 aure.
460 890 521 941 Si
542 892 737 941 tussim
760 892 1002 943 concitet
1019 892 1210 956 saliva,
1247 893 1305 942 in
1333 890 1520 941 fronte
1543 892 1612 942 ab
1634 893 1750 945 alio

146 960 348 1013 afflari.
391 958 454 1011 Si
474 959 623 1011 iacet
645 974 771 1021 uva,
786 975 823 1011 a
842 962 1258 1012 vertice-morsu
1275 961 1508 1011 alterius
1525 974 1751 1025 suspen·

148 1030 221 1083 di.
292 1030 357 1079 ln
386 1028 610 1079 cervicis
634 1028 830 1081 dolore
852 1029 1093 1096 poplites
1115 1030 1334 1091 fricare,
1359 1036 1458 1079 aut
1479 1032 1751 1081 cervicem

144 1104 201 1151 in
220 1098 517 1167 poplitum.
590 1097 767 1149 Pedes
788 1098 843 1148 in
866 1097 1033 1149 humo
1075 1098 1296 1163 deponi,
1340 1099 1384 1147 si
1408 1100 1564 1149 nervi
1581 1099 1641 1147 in
1663 1097 1750 1150 his

146 1169 475 1221 cruribusve
496 1165 799 1217 tendantur
814 1167 871 1217 in
888 1166 1112 1219 lectulo.
1171 1169 1280 1219 Aut
1299 1168 1348 1217 si
1370 1168 1424 1216 in
1447 1167 1607 1219 laeva
1628 1181 1751 1235 par-

147 1244 203 1289 te
224 1235 285 1287 id
310 1234 555 1295 accidat,
599 1234 861 1286 sinistrae
882 1236 1110 1301 plantae
1132 1237 1391 1302 pollicem
1415 1236 1618 1289 dextra
1637 1252 1752 1289 ma-

146 1321 219 1357 nu
240 1302 605 1371 apprehendi.
658 1304 815 1359 item
838 1320 869 1355 e
894 1305 1132 1357 diverso.
1208 1306 1607 1359 Extremitates
1629 1320 1750 1357 cor-

144 1375 299 1443 poris
322 1370 413 1423 vel
437 1374 656 1426 aurium
686 1374 987 1441 perstringi
1029 1380 1222 1425 contra
1263 1373 1524 1427 horrores
1547 1390 1752 1443 corpo-

145 1446 247 1506 ris,
268 1441 669 1508 sanguinemve
692 1441 909 1493 narium
932 1443 1303 1495 immodicum.
1374 1445 1519 1496 Lino
1539 1446 1626 1496 vel
1649 1460 1747 1511 pa·

146 1527 292 1582 pyro
313 1511 595 1579 principia
615 1511 939 1576 genitalium
961 1529 975 1563 z
1020 1512 1198 1563 femur
1219 1512 1477 1576 medium,-
1499 1514 1570 1564 ad
1593 1513 1748 1566 cohi-

146 1582 336 1636 benda
356 1581 551 1631 urinae
576 1578 865 1646 profluvia.
902 1581 963 1635 lu
982 1580 1256 1632 stomachi
1281 1584 1556 1634 solutione
1578 1583 1750 1649 pedes

143 1665 425 1720 pressare,
466 1656 562 1701 aut
594 1665 785 1706 manus
806 1652 861 1700 in
884 1649 1196 1700 ferventem
1225 1664 1424 1714 aquam
1449 1653 1751 1705 dimittere.

144 1723 267 1776 lam
291 1720 637 1774 etsermoni.
654 1721 827 1785 parci,
868 1717 1061 1768 multis
1083 1717 1155 1768 de
1175 1721 1356 1768 causis
1375 1720 1622 1772 salutare
1644 1725 1747 1770 est.

144 1787 417 1844 Triennio
431 1789 811 1841 Maecenatem
822 1786 1114 1838 Melissum
1139 1787 1448 1850 accepimus
1459 1789 1748 1838 silentium

148 1857 263 1910 sibi
302 1856 662 1921 imperavisse
678 1892 695 1918 ,
734 1871 771 1906 a
810 1855 1166 1906 convulsione
1199 1854 1420 1904 reddito
1461 1856 1750 1922 sanguine.

150 1928 294 1980 Nam
319 1939 564 1984 eversos,
585 1925 1022 1992 scandentesque
1044 1939 1110 1974 ae
1131 1925 1398 1985 iacentes,
1441 1925 1490 1974 si
1515 1924 1645 1991 quid
1670 1923 1750 1974 in-

150 2001 331 2064 gruat,
374 2000 675 2061 oentraque
708 1996 851 2044 ictus
888 1993 1142 2060 spiritam
1167 1992 1427 2044 cohibere
1449 1993 1751 2060 singularis

152 2061 422 2130 praesidii
447 2069 563 2114 est:
638 2063 759 2113 ⁴uod
784 2063 1072 2116 inventum
1115 2077 1238 2114 esse
1277 2063 1534 2113 animalis
1557 2063 1747 2112 docui-

150 2149 291 2186 mus.
352 2131 579 2184 Clavum
628 2147 845 2187 erreum
868 2131 1132 2198 defigere,
1145 2133 1203 2181 in
1226 2145 1336 2197 quo
1362 2132 1488 2182 loco
1513 2131 1751 2196 primum

153 2207 324 2268 eaput
344 2199 605 2252 defixerit
628 2215 889 2252 corruens
911 2203 1108 2252 morbo
1133 2199 1422 2262 comitiali,
1464 2200 1749 2251 absoluto-

152 2272 297 2322 rium
320 2269 441 2322 eius
466 2269 603 2323 mali
632 2269 853 2321 dicitur.
930 2273 1140 2322 Contra
1158 2283 1371 2330 renum,
1415 2269 1748 2320 autlumbo·

154 2355 295 2402 rum,
328 2341 657 2404 vesicaeque
679 2339 967 2400 cruciatus,
1002 2340 1059 2388 in
1079 2340 1422 2390 balinearum
1447 2339 1603 2390 soliis
1625 2351 1751 2402 pro-

150 2424 253 2460 nos
271 2409 491 2460 urinam
516 2407 749 2458 reddere
772 2407 1167 2472 mitigatorium
1189 2407 1438 2459 habetur.
1509 2407 1751 2458 Vulnera

150 2477 295 2530 nodo
320 2475 583 2529 Herculis
605 2477 935 2541 praeligare,
954 2479 1152 2526 mirum
1176 2483 1440 2543 quantum
1461 2477 1618 2527 ocior
1637 2490 1747 2527 me-

152 2545 341 2598 dicina
363 2551 469 2598 est.
505 2545 685 2610 Atque
706 2545 872 2595 etiam
896 2543 1439 2610 quotidianicinctus
1459 2546 1558 2596 tali
1581 2545 1746 2608 nodo,

151 2615 264 2665 vim
290 2612 565 2682 quandam
598 2611 803 2666 habere
842 2613 1036 2664 utilem
1078 2612 1364 2664 dicuntur:
1406 2617 1600 2682 quippe
1624 2629 1746 2666 cum

156 2683 432 2740 uerenda
453 2696 579 2736 eum
600 2681 923 2749 prodiderit.
974 2681 1276 2734 Numerum
1299 2695 1513 2750 quoque
1533 2690 1750 2752 quater-
