2033 3044
231 148 546 201 NATUR.
572 143 908 199 HISTOR.
948 148 1103 199 LIB.
1127 149 1325 201 XXIV.
1352 148 1617 204 103-113.
1688 150 1759 205 3ss

167 251 396 301 alicuius
422 248 476 299 in
497 252 669 300 vestis
693 263 896 314 panae,
938 256 995 300 et
1015 249 1243 317 alligata
1265 252 1321 301 in
1347 254 1455 301 lino
1477 252 1626 315 rufo,
1670 270 1757 305 ca-

168 320 294 385 pitis
319 318 570 369 dolon-em
597 317 889 368 confestim
916 318 1121 369 sedare'
1136 320 1391 369 traditur.

235 386 398 438 GVH.
437 388 630 437 Herba
677 402 1035 453 quaecunque
1076 404 1109 439 a
1142 390 1273 438 rivis
1310 395 1408 438 aut
1440 390 1755 441 fluminibus

167 462 296 507 aute
316 455 466 507 Solis
490 463 676 523 ortum
704 456 967 517 collecta,
1009 458 1091 506 ita
1132 464 1195 507 ut
1218 472 1376 507 nemo
1404 459 1752 523 colligentem

167 524 370 587 videat,
395 525 728 593 *adalligata
760 523 916 574 laevo
945 523 1194 587 brachio,
1237 527 1321 575 ita
1353 533 1415 576 ut
1434 540 1601 592 aeger
1622 527 1754 593 quid

165 596 240 645 sit
262 592 400 645 illud
423 596 661 661 ignoret,
685 592 950 643 tertianas
973 608 1165 645 arcere
1187 594 1446 646 traditur.

205 692 210 695 -
233 662 422 715 cvm.
463 662 684 729 Lingua
707 661 878 713 herba
899 664 1149 713 nascitur
1170 665 1315 715 circa
1340 662 1538 714 fontes.
1581 664 1755 715 Radix

165 734 284 783 eius
309 733 601 783 combusta
624 738 680 783 et
699 732 834 783 trita
853 747 972 783 cum
997 733 1163 801 adipe
1192 734 1307 784 suis
1326 770 1341 795 ,
1382 732 1675 797 (adiiciunt
1695 740 1755 784 ut

165 802 332 868 nigra
351 802 424 851 sit
453 809 512 854 et
547 800 800 863 sterilis‚)
841 800 1124 867 alopecias
1158 802 1413 853 emendat
1434 804 1753 867 ungentium

162 872 220 920 in
241 870 384 921 Sole.

235 940 372 991 CRX.
415 938 612 989 cribro
652 938 710 987 in
745 937 928 988 limite
967 937 1203 1001 adiecto,
1242 938 1446 991 herbae
1478 938 1630 989 intus
1668 954 1755 991 ex·

164 1014 374 1059 stantes
419 1006 734 1072 decerptae,
775 1006 1224 1075 adalligataeque
1262 1010 1523 1075 gravidis,
1566 1016 1755 1075 partus

165 1079 498 1140 accelerant.

227 1146 344 1197 CX.
383 1144 584 1194 Herba
605 1158 745 1209 quae
767 1144 1014 1211 gignitur
1035 1160 1199 1211 supra
1220 1150 1407 1197 fimeta
1430 1147 1589 1208 ruris,
1626 1161 1751 1197 con-

165 1222 252 1266 tra
272 1214 510 1283 anginas
533 1213 911 1263 efficacissime
933 1214 1113 1279 pollet
1132 1230 1200 1265 ex
1226 1230 1367 1281 aqua
1389 1226 1537 1282 pota.

217 1284 371 1336 'CXL
415 1282 624 1343 Herba,
665 1283 824 1333 iuxta
865 1296 1027 1347 quam
1068 1296 1229 1334 canes
1255 1286 1467 1335 urinam
1504 1282 1758 1345 fundunt,

169 1353 358 1405 evulsa
369 1368 442 1403 ne
453 1351 610 1402 ferro
624 1351 950 1417 attingatur,
967 1352 1175 1403 luxatis
1186 1354 1378 1405 celerri
1386 1370 1433 1403 m
1442 1370 1469 1405 e
1484 1354 1702 1405 medetu
1711 1370 1754 1403 r.

238 1422 403 1472 CXH.
442 1419 838 1471 Rumbotinum
870 1422 1122 1471 arborem
1159 1422 1657 1475 demonstravimus
1674 1424 1758 1473 in-

170 1496 254 1542 te'r
273 1491 524 1542 arbusta.
591 1490 756 1540 quta
775 1486 915 1539 hanc
929 1489 1150 1542 viduam
1170 1492 1287 1544 vite
1307 1493 1549 1544 nascitur
1568 1490 1759 1570 hel-bg,

169 1574 329 1628 quam
353 1559 508 1610 Galli
534 1557 835 1608 rhodoram
865 1566 1089 1609 vocant:
1132 1563 1342 1613 caulem
1378 1562 1546 1614 habet
1566 1563 1759 1628 virgae

167 1630 438 1682 ficulneae
459 1627 630 1678 modo
653 1623 1051 1693 geniculatum,
1092 1627 1231 1681 folia
1254 1633 1469 1682 urticae
1490 1632 1549 1680 in
1576 1630 1759 1680 medio

169 1697 446 1758 exalbida,
491 1695 683 1748 eadem
706 1696 1039 1761 procedente
1066 1703 1314 1764 tempore
1337 1705 1459 1749 tota
1482 1699 1761 1760 rubentia,

169 1767 360 1820 florem
385 1771 739 1834 argenteum:
790 1767 1089 1831 praecipua
1112 1773 1305 1817 contra
1324 1773 1567 1818 tumores
1592 1804 1608 1830 ,
1648 1766 1761 1818 fer-

169 1849 456 1902 voresque,
500 1839 557 1884 et
579 1833 956 1895 collectioneS,
997 1849 1118 1882 cum
1144 1835 1389 1901 axungia
1408 1843 1595 1885 vetere
1618 1842 1763 1896 tusa,

169 1908 250 1957 ita
283 1912 346 1956 ut
381 1903 536 1955 ferro
571 1917 679 1952 non
711 1903 1047 1968 attingatur=
1092 1903 1181 1968 qui
1206 1909 1503 1967 perunctus
1526 1909 1627 1963 est,
1669 1903 1763 1953 ‹le-

171 1975 320 2041 spuit
363 1972 436 2023 ad
481 1985 634 2022 suam
667 1971 916 2021 dextram
958 1980 1059 2022 ter.
1132 1971 1425 2022 Efficacius
1466 1970 1765 2021 remedium

175 2054 297 2094 esse
315 2042 504 2101 aiunt,
543 2039 593 2090 si
618 2045 736 2110 tres
759 2051 976 2105 quoque
1001 2041 1171 2090 trium
1208 2043 1492 2092 nationum
1518 2038 1765 2091 homines

174 2117 489 2179 perungant
513 2109 854 2159 dextrorsus.

241 2181 437 2233 cxm.
479 2176 671 2228 Herba
695 2178 869 2244 impia
898 2182 1127 2228 vocatur
1162 2178 1388 2240 incana,
1424 2177 1771 2227 rorisrnarini

176 2257 440 2316 aspectu,
488 2245 673 2312 thyrsi
695 2247 862 2296 modo
882 2247 1087 2297 vestita
1109 2253 1275 2314 atque
1298 2248 1563 2312 capitata.
1636 2245 1769 2296 Inde

176 2317 274 2370 alii
305 2316 516 2370 ramuli
547 2320 855 2380 exsurgunt
883 2329 983 2364 sua
1020 2317 1264 2382 capitula
1294 2322 1575 2384 gerentes:
1623 2314 1692 2364 ob
1714 2315 1770 2364 id

175 2389 400 2456 impiam
427 2384 802 2452 appellavere,
834 2385 1091 2448 quoniam
1116 2385 1277 2436 liberi
1302 2399 1467 2450 super
1486 2389 1789 2448 parentem,

178 2458 476 2510 excellant.
547 2453 656 2504 Alii
677 2454 866 2518 potius
886 2452 969 2503 ita
991 2453 1357 2518 appellatam,
1387 2452 1533 2518 quod
1562 2452 1772 2503 nullum
1811 2470 1815 2474 ·

178 2526 534 2577 animal-eam
561 2521 820 2586 attingat,
845 2521 1251 2572 existimavere.
1294 2522 1451 2573 Haec
1470 2522 1613 2572 inter
1635 2525 1774 2574 duos

177 2595 392 2664 lapides
411 2595 558 2643 trita
580 2588 778 2649 fervet,
802 2591 1095 2654 praecipuo
1122 2590 1383 2641 adversus
1406 2594 1634 2658 anginas
1658 2605 1776 2640 suc-

180 2677 256 2729 ω,
277 2665 428 2717 laete
449 2668 512 2714 et
529 2673 658 2712 vino
681 2657 951 2710 admixto.
993 2657 1201 2710 Mirum
1222 2659 1477 2724 traditur,
1490 2671 1774 2735 ,nunquam
