2033 3044
130 140 419 223 wiron.
459 168 805 223 uls'ron.
841 168 1237 235 L13.‚-xxv.
1273 170 1474 226 93-95.
1544 174 1614 227 ⁴7⁷

60 272 330 326 vindemias
369 275 671 341 quaeritur.
746 274 895 329 Odor
932 273 1116 343 gravis
1140 274 1192 325 ei
1213 292 1228 323 ε
1268 276 1368 327 sed
1407 275 1614 330 radicis

64 350 109 392 et
126 342 237 393 mali
257 344 495 411 gravior.
542 344 631 395 Ex
653 343 794 406 albo,
807 344 955 395 mala
974 349 1192 395 matura
1211 342 1268 395 in
1290 344 1486 397 umbra
1507 348 1613 397 sic-

67 419 240 465 cantur.
312 412 520 465 Succos
552 429 624 465 ex
654 414 724 465 iis
746 411 875 466 Sole
899 413 1198 465 densatur:
1239 413 1375 464 item
1413 416 1618 467 radicis

69 488 209 545 tusae,
248 482 340 535 vel
375 484 433 533 in
456 484 585 536 vino
610 484 771 551 nigro
796 485 866 536 ad
890 484 1088 535 tertias
1110 482 1390 536 decoctae.
1455 484 1624 536 Folia

70 558 324 602 servantur
343 552 401 603 in
422 556 603 605 muria
624 554 918 615 efficaciu8‚
948 553 1089 605 alias
1109 553 1410 605 recentium
1434 568 1628 605 succus

70 620 207 684 pestis
245 630 355 673 est:
400 626 479 673 sinc
522 639 741 691 quoque
784 624 985 675 noxiae
1025 624 1188 674 vires.
1260 621 1628 673 Gravedinem

73 690 205 741 etiam
228 691 471 745 afferunt
493 692 727 746 olfactu:
770 708 1076 759 quanquam
1101 692 1322 745 malain
1350 689 1628 759 aliquibus

70 760 201 811 terris
237 760 598 824 manduntur,
636 762 805 813 nimio
835 768 1020 813 tam-en
1045 762 1216 813 odore
1241 762 1630 821 obmutescunt

70 826 235 894 ignari.
268 828 422 881 Potu
443 832 665 897 quidem
691 832 933 897 largiore
953 831 1122 881 etiam
1147 834 1476 883 moriuntur.
1527 831 1642 885 Vis>

72 900 320 951 somnifica
342 913 446 966 pro
470 900 681 953 viribus
701 899 1028 965 bibentium.
1101 901 1290 953 Media
1323 900 1479 968 potio
1503 914 1630 966 cya-

70 964 323 1021 thiunius.
400 969 626 1021 Bibitur
663 976 720 1022 et
748 976 944 1021 contra
966 975 1267 1034 serpentes,
1287 1024 1291 1029 ,
1313 977 1376 1027 et,
1389 975 1517 1021 ante
1543 985 1628 1021 se·

73 1036 249 1089 ctiones
271 1038 733 1106 punctionesque,
754 1054 822 1090 ne
842 1040 1169 1091 sentiantur.
1225 1039 1307 1091 ob
1332 1038 1470 1091 haec
1490 1037 1629 1089 satis

72 1114 135 1155 est
166 1106 432 1172 aliquibus
477 1123 726 1162 somnum
764 1108 935 1160 odore
960 1110 1257 1175 quaesisse.
1329 1108 1554 1160 Bibitur
1575 1115 1632 1161 et

70 1188 147 1237 pro
166 1174 411 1229 elleboro
436 1178 651 1229 duobus
677 1178 857 1232 obolis
882 1178 937 1238 in
960 1178 1156 1232 mulso.
1229 1176 1520 1233 Efficacius
1555 1178 1630 1229 el·

71 1242 283 1365 hebqirum
324 1246 399 1299 ad
443 1245 790 1311 vomitiones,
826 1254 881 1309 et
912 1247 982 1299 ad
1011 1248 1181 1300 bilem
1213 1239 1424 1315 nigram
1446 1251 1630 1305 extra·

102 1328 152 1363 en
187 1330 287 1368 am.
730 1358 739 1368 .

126 1384 269 1439 XCV.
291 1384 342 1437 4.
368 1388 572 1438 Cicuta
592 1398 807 1451 quoque
828 1401 1094 1437 venenum
1119 1392 1222 1447 est,
1239 1384 1633 1453 publicaAthe·

74 1450 304 1506 niensium
347 1468 537 1526 poena
579 1454 772 1515 invisa,
810 1454 879 1505 ad
917 1456 1094 1519 multa
1134 1461 1316 1507 tamen
1354 1471 1488 1509 usus
1522 1471 1632 1507 non

76 1524 349 1577 omittendi.
426 1525 627 1578 Semen
647 1520 815 1585 habet
836 1526 1082 1590 noxium.
1157 1527 1342 1578 Caulis
1366 1533 1552 1579 autem
1575 1534 1632 1578 et

72 1592 233 1645 viridis
259 1602 419 1646 estur
438 1610 471 1644 a
494 1592 850 1660 plerisqueet
869 1597 923 1644 in
950 1595 1169 1661 patinis.
1242 1596 1442 1650 Laevis
1466 1596 1554 1650 hic
1577 1602 1632 1650 et

76 1671 405 1726 geniculatus,
429 1669 491 1715 ut
516 1662 735 1726 calami,
776 1664 1069 1730 nigricans,
1111 1665 1282 1715 altior
1301 1680 1465 1730 saepe
1488 1667 1632 1718 binis

77 1731 255 1786 cubitis.
274 1737 331 1786 in
356 1733 742 1786 cacuminibus
763 1748 1040 1784 ramosus:
1081 1731 1222 1783 folia
1241 1735 1521 1790 coriandri
1553 1743 1634 1786 te·

76 1801 273 1858 acriora.
310 1803 479 1872 gravi
503 1802 765 1854 odoratuz
794 1817 979 1855 semen
1000 1802 1154 1852 aniso
1181 1803 1439 1858 crassius:
1471 1803 1632 1854 radix

81 1872 521 1930 concavamullius
543 1887 691 1922 usus.
732 1869 943 1938 Semini
962 1878 1020 1922 et
1040 1870 1196 1923 foliis
1215 1869 1635 1937 refrigeratoria

80 1938 157 1988 vio.
182 1955 315 2008 qaas
336 1947 560 2006 enecat,
592 1941 859 2007 incipiunt
887 1940 1076 2007 algere
1095 1939 1164 1993 ab
1189 1941 1635 1992 extremitatibus
1649 1965 1678 1978 -·

80 2013 301 2074 corporis.
374 2011 653 2068 Remedio
674 2018 777 2073 est,
816 2011 1136 2078 priusquam
1162 2012 1443 2077 perveniat
1463 2010 1536 2062 ad
1557 2011 1638 2061 vi·

82 2077 201 2139 talia,
237 2082 345 2132 vini
392 2085 596 2148 natura
629 2078 1042 2144 excalfactoria.
1117 2079 1228 2132 Sed
1247 2080 1304 2132 in
1326 2080 1453 2133 vino
1485 2087 1638 2147 pota,

84 2141 867 2206 irremediabilis,existimatur.
935 2149 1142 2202 Succus
1175 2150 1508 2216 exprimitur
1549 2147 1635 2201 fo·

86 2209 149 2262 liis
164 2214 493 2286 floribusque
514 2238 530 2270 z
573 2225 706 2270 tunc
729 2222 869 2271 enim
892 2220 1130 2271 maxime
1153 2221 1514 2285 tempestivus
1535 2227 1638 2270 est.

90 2279 262 2342 Semina
280 2291 425 2342 trito
438 2304 751 2356 expressus,
772 2295 828 2340 et
843 2288 972 2342 Sole
995 2286 1260 2340 densatus
1281 2291 1338 2341 in
1360 2288 1636 2354 pastillos,

92 2362 205 2428 Πρωὶ
223 2360 494 2426 sanguine
514 2357 823 2426 spissando.
880 2359 1041 2409 Haec
1063 2359 1241 2411 altera
1259 2361 1358 2410 vis.
1415 2358 1488 2408 Et
1509 2357 1662 2408 ideo‘

94 2432 149 2470 sie
164 2435 469 2482 necatorum
494 2429 745 2479 maculae
766 2427 823 2478 in
847 2427 1172 2492 corporibus
1197 2433 1484 2494 apparent.
1556 2425 1638 2478 Ad

94 2493 379 2549 resolvenda
402 2497 807 2548 medicamenta
830 2503 1057 2564 utuntur
1075 2495 1175 2546 illo
1198 2510 1296 2563 pro
1321 2509 1478 2562 aqua.
1547 2495 1642 2550 Fit

94 2569 141 2606 Η
156 2575 205 2614 eo
223 2565 289 2617 ad
312 2565 757 2634 refrigerandum
780 2562 1122 2632 stomachum
1144 2565 1640 2632 malagma.,Prae-

92 2625 238 2694 cipum
256 2632 532 2696 tumeam!
556 2633 889 2698 cohibendas
910 2633 1208 2702 epiphoras
1231 2636 1488 2699 aestivas,
1511 2651 1639 2688 ocu-

90 2691 331 2772 lorumque
359 2699 589 2780 giolores'
624 2704 901 2774 sedandos
938 2703 1294 2767 circumitus,
1371 2705 1642 2766 Miscetur
1724 2729 1734 2737 ·
