2033 3044
166 171 460 226 NATUR.
490 170 835 227 HISTOR.
872 172 1035 226 LIB.
1059 171 1302 227 XXVI.
1339 169 1535 227 16-21.
1605 170 1672 227 91

112 274 433 343 ecligmate:
458 276 717 343 plantago
742 289 919 333 succo
926 276 1018 329 vel
1041 278 1192 330 cibo·
1241 274 1570 331 vettonicae
1588 282 1676 330 tu-

117 358 195 395 sae
212 346 391 413 pondo
415 346 577 406 libra,
612 344 791 397 mellis
810 346 981 399 Attici
992 348 1300 407 semuncia,
1326 361 1396 397 ex
1417 362 1562 415 aqua
1585 363 1672 400 ca-

116 411 213 465 lida
231 415 477 483 quotidie
495 415 827 467 bibentibus.
869 413 1260 477 Aristolochia,
1279 414 1369 467 vel
1391 418 1674 483 agaricon,

121 482 273 535 obolis
312 487 485 535 ternis
523 499 592 537 ex
635 498 779 550 aqua
815 484 1015 547 calida,
1057 491 1154 535 aut
1181 484 1329 535 lacte
1351 486 1500 535 asini
1519 492 1669 551 pota.

120 551 507 605 cissanthemos
548 552 619 603 ad
642 551 1009 619 orthopnoeas
1031 555 1272 606 bibitur·
1315 556 1450 606 item
1475 554 1670 621 hysso-

118 634 223 685 pum
245 629 302 674 et
319 622 678 673 asthmaticis.
750 622 1064 675 Peucedani
1103 640 1302 675 succus
1336 626 1390 675 in
1411 623 1672 675 iocineris

119 688 397 755 doloribus,
440 698 499 745 et
516 692 758 758 pectoris
778 694 1097 761 laterisque,
1141 696 1192 743 si
1213 694 1394 745 febres
1413 708 1522 744 non
1545 694 1672 755 sint.

118 758 425 829 Sanguinem
447 776 666 829 quoque
688 763 1086 829 exspuentibus
1107 763 1360 815 subvenit
1376 764 1673 829 agaricum,

116 829 392 883 victoriati
416 830 664 897 pondere
676 831 895 893 tritum,
938 837 994 883 et
1021 832 1080 882 in
1102 832 1267 882 mulsi
1292 833 1532 925 quinque
1549 845 1676 897 cya-

116 896 207 950 this
226 899 431 952 datum.
504 900 651 951 Idem
679 907 735 952 et
755 914 1007 951 amomon
1035 901 1184 953 facit.

169 967 397 1023 iocineri
419 970 673 1036 privatim
693 970 935 1020 Teucria
956 970 1167 1021 bibitur
1177 983 1383 1031 recenS,
1397 965 1675 1019 drachmis

118 1034 192 1099 lV,
224 1038 281 1089 in
307 1054 513 1105 poscae
544 1037 786 1091 hemina·
827 1040 1156 1091 vettonicae
1195 1036 1454 1089 drachma
1485 1052 1595 1087 una
1614 1037 1674 1087 in

116 1121 241 1173 aqua
258 1108 445 1160 calida
465 1106 683 1174 cyathis
702 1108 912 1163 tribus:
955 1108 1025 1159 ad
1046 1108 1226 1159 cordis
1245 1107 1400 1168 vitia,
1431 1108 1489 1158 in
1491 1105 1672 1191 frigi

116 1174 202 1227 dae
220 1178 437 1245 cyathis
460 1177 691 1229 duobus.
763 1177 1138 1243 quinquefolii
1167 1186 1360 1227 succus
1399 1174 1674 1239 iocineris,

114 1250 163 1295 et
180 1246 442 1311 pulmonis
486 1246 657 1308 vitiis,
696 1246 1126 1313 sanguinemque
1165 1245 1571 1309 reficientibus,
1615 1253 1673 1298 et

116 1316 397 1383 cuicunque
436 1315 724 1383 sanguinis
761 1315 899 1367 vitio
928 1316 1079 1367 intus
1097 1316 1362 1367 occurrit.
1412 1316 1672 1368 Iocineri

115 1385 431 1452 anagallides
452 1386 591 1436 mire
612 1390 857 1451 prosunt.
880 1385 1102 1475 capnon
1127 1385 1351 1437 herbam
1373 1386 1463 1453 qui
1487 1386 1670 1449 edere,

114 1451 261 1505 bilem
290 1470 391 1521 per
412 1456 623 1505 urinam
656 1454 947 1505 reddunt·
956 1456 1196 1506 Acoron
1228 1456 1462 1507 iocineri
1481 1455 1668 1509 mede·

116 1529 207 1586 tur,
222 1522 435 1577 thoraci
456 1539 690 1592 quoque,
710 1531 765 1576 et
782 1525 1138 1592 praecordiis.
1463 1553 1466 1558 -

174 1592 283 1645 XX.
316 1597 367 1646 2.
405 1593 683 1660 Ephedra,
720 1594 792 1646 ab
816 1593 939 1645 aliis
960 1593 1223 1644 anabasis
1243 1601 1477 1658 vocata,·‘
1495 1597 1675 1648 nasci·

116 1669 195 1713 tur
208 1670 431 1716 ventoso
450 1663 575 1716 fere·
589 1670 798 1728 tractu,
838 1662 1108 1714 scandens
1140 1665 1390 1716 arborem
1423 1671 1481 1717 et
1499 1681 1566 1718 ex
1586 1680 1674 1717 ra-

120 1733 207 1784 mis
226 1734 579 1816 propendens,
591 1732 727 1784 folio
747 1733 919 1794 nullo,
936 1729 1094 1783 cirris
1114 1747 1424 1794 numerosa,
1433 1736 1529 1800 q'ui
1549 1741 1678 1786 sunt

118 1801 249 1856 iunci
270 1803 587 1871 geniculati,
607 1803 795 1855 radice
815 1802 1038 1871 pallida.
1077 1801 1258 1852 Datur
1275 1815 1344 1852 ex
1362 1802 1489 1852 vino
1513 1805 1675 1884 nigro

119 1881 313 1927 austero
333 1878 473 1926 tnita
494 1874 563 1924 ad
585 1876 799 1935 tussim,
830 1871 1084 1938 suspiria,
1117 1872 1386 1921 tormina.
1419 1873 1483 1923 et
1503 1871 1684 1922 sorbie

120 1944 249 1996 tione
288 1944 455 2006 facta,
497 1945 558 1993 in
595 1957 757 2008 quam
800 1943 982 1992 vinum
1021 1939 1150 1994 addi
1191 1939 1465 1991 convenit.
1535 1940 1684 1990 Item·

120 2009 373 2064 Gentiana
397 2011 706 2063 madefacta
730 2012 906 2078 pridie
932 2010 1175 2062 contrita
1199 2009 1410 2102 denarii
1435 2008 1678 2086 pondere

118 2081 163 2133 in
185 2083 287 2134 vini
308 2082 525 2150 cyathis
547 2082 740 2132 tribus.

174 2153 309 2204 XXI.
344 2151 407 2204 3
418 2151 593 2202 Geum
620 2149 895 2201 radiculas
916 2156 1117 2202 tenues
1139 2148 1320 2208 habet,
1354 2149 1560 2214 nigras,
1579 2146 1674 2196 be-

120 2237 177 2274 ne
192 2224 434 2276 olentes.-
494 2219 751 2271 Medetur
778 2234 885 2271 non
916 2220 1081 2270 modo
1103 2218 1352 2291 pectoris
1372 2215 1676 2276 doloribus,

122 2300 199 2342 aut
214 2293 431 2352 lateris,
454 2289 550 2342 sed
574 2295 630 2340 et
652 2290 951 2340 cruditates
974 2283 1221 2350 discutit,
1243 2286 1489 2338 iucundo
1513 2287 1674 2350 sa'po-

124 2374 179 2412 re.
230 2363 549 2414 verbenaca
568 2373 697 2409 vero
722 2361 971 2410 omnibus
992 2358 1292 2410 visceribus
1312 2356 1579 2416 medetur,
1601 2354 1681 2405 la·

126 2431 325 2492 teribus,
358 2429 737 2496 pulmonibus,
754 2427 1108 2489 iocineribus,
1128 2423 1363 2478 thoraci.
1435 2423 1680 2475 Peculiu-

128 2500 235 2552 riter
255 2507 437 2552 autem
460 2496 826 2564 pulmonibus,
866 2503 923 2548 et
944 2511 1080 2562 quos
1101 2496 1169 2546 ab
1191 2494 1274 2545 his
1296 2492 1530 2559 phthisis
1551 2498 1674 2544 ten-

126 2575 203 2630 tat,
220 2569 389 2621 radix
396 2567 605 2620 hen-hae
626 2566 983 2635 consiliginis,
1019 2578 1179 2631 quam
1201 2577 1376 2629 nuper
1396 2565 1484 2613 im
1491 2570 1674 2614 cutam

122 2637 357 2690 diximus:
400 2651 559 2688 suum
590 2634 836 2702 quidem
848 2642 907 2686 et
928 2635 1144 2700 pecoris
1177 2636 1352 2684 omnis
1371 2633 1672 2685 remedium

122 2721 357 2776 praesens
371 2712 467 2760 est
488 2705 803 2773 pulmonum
826 2721 857 2754 v
860 2703 981 2766 itio,
1014 2702 1100 2756 vel
1126 2703 1372 2756 traiecta
1380 2708 1594 2755 tantum
1617 2701 1676 2750 in
