2033 3044
303 140 406 198 212
667 141 728 194 C.
794 139 1079 192 PL1N11
1146 137 1517 192 SECUNDI

305 247 408 298 ctis
435 244 638 296 asinini
662 251 800 312 potu
817 242 1148 294 mulcentur:
1174 241 1317 308 quod
1342 241 1535 292 addito
1558 241 1725 294 melle
1744 255 1883 292 snm-

301 323 416 365 tum
442 322 498 365 et
523 314 881 382 purgationes
903 327 1093 363 earum
1122 312 1365 363 adiuvat.
1436 310 1611 363 Sanat
1634 317 1691 363 et
1708 311 1884 362 vulva·

302 397 424 436 rum
465 383 943 436 exhuleerationes
965 383 1209 433 eiusdem
1246 380 1497 432 animalis
1522 396 1713 433 sevum
1745 381 1886 432 inve·

305 459 566 516 tei-atum,
600 460 656 505 et
677 455 733 504 in
750 452 960 506 vellere
984 451 1301 518 appositum
1326 451 1587 502 duritiem
1609 450 1883 502 vulvarum

308 524 539 576 emollit.
577 523 681 576 Per
703 539 763 575 se
785 536 916 572 vero
939 536 1131 573 recens
1153 519 1239 572 vel
1258 521 1650 583 inveteratum,
1664 534 1734 574 ex
1755 534 1883 586 aqua

305 592 533 655 illitum,
579 590 834 659 psilothri
874 591 986 641 vim
1024 592 1257 643 obtinet.
1327 590 1595 642 Eiusdem
1641 589 1881 641 animalis

305 661 420 714 lien
441 663 799 726 inveteratus,
841 675 909 712 ex
932 676 1078 727 aqua
1099 660 1277 710 illitus
1296 661 1570 719 mammiS,
1616 658 1877 710 abundan-

308 731 443 783 tiam
477 731 636 784 facit:
670 731 862 782 vulvas
903 729 1089 782 suffitu
1131 729 1375 795 corrigit.
1448 728 1704 796 Ungulae
1732 728 1875 780 asini·

309 816 413 854 nae
433 805 650 854 suffitae
671 809 887 868 partum
907 805 1187 851 maturant
1207 834 1223 861 ,
1266 804 1326 848 ut
1347 798 1435 849 vel
1456 799 1694 851 abortus
1714 814 1878 851 evoce-

309 876 427 921 tur:
471 887 569 923 nec
589 871 754 924 aliter
779 869 1112 923 adhibentur
1132 904 1147 930 ,
1192 867 1450 935 quoniam
1472 868 1759 920 viventem
1781 883 1879 934 par·

308 947 424 991 tum
449 946 660 994 necant.
753 941 1014 992 Eiusdem
1036 939 1287 990 animalis
1308 937 1495 989 fimum
1519 939 1569 988 si
1589 953 1781 990 recens
1797 939 1882 989 im·

351 1016 578 1073 onatur‚
620 1009 889 1078 profluvia
929 1009 1213 1075 sanguinis
1256 1005 1394 1058 mire
1436 1006 1642 1060 sedare
1682 1007 1879 1058 dicitur.

365 1095 426 1132 ec
449 1096 557 1131 non
580 1087 636 1133 et
659 1079 794 1132 cinis
817 1079 1061 1132 eiusdem
1089 1078 1221 1139 fimi,
1251 1078 1345 1145 qui
1368 1083 1425 1128 et
1444 1077 1653 1136 vulvae
1675 1078 1879 1146 prodest

306 1150 381 1200 im
391 1151 619 1215 positus·
643 1149 785 1216 Equi
806 1164 1002 1214 spuma
1018 1149 1168 1199 illita
1188 1162 1284 1214 per
1305 1147 1424 1198 dies
1443 1147 1547 1198 XL
1566 1148 1723 1215 prius
1736 1162 1879 1214 quam

307 1219 544 1286 primum
566 1223 862 1269 nascantur
883 1218 1003 1284 pili,
1032 1217 1467 1283 restinguuntur.
1540 1216 1681 1270 Item
1703 1230 1877 1270 cornus
1977 1215 1978 1290 J

310 1288 515 1338 cervini
565 1286 824 1337 decocto:
871 1287 1097 1350 melius,
1138 1287 1186 1338 si
1227 1288 1476 1338 recentia
1520 1287 1637 1339 sint
1678 1301 1872 1339 cornua.

305 1357 481 1408 Lacte
524 1355 724 1420 equino
765 1356 1027 1406 iuvantur
1066 1356 1261 1410 vulvae
1302 1355 1563 1408 collutae.
1650 1357 1805 1418 Quod
1834 1354 1873 1404 si

305 1431 555 1477 mortuus
579 1431 770 1492 partus
789 1425 1063 1477 sentiatur
1086 1462 1101 1488 ,
1139 1425 1322 1477 lichen
1354 1440 1423 1478 ex
1452 1441 1601 1492 aqua
1635 1426 1779 1479 dulci
1796 1439 1873 1491 po-

307 1503 397 1548 tus
421 1495 590 1547 eiicit.
662 1495 800 1547 ltem
816 1496 1058 1563 ungulae
1080 1495 1293 1558 suffitu,
1334 1501 1431 1547 aut
1448 1497 1641 1547 fimum
1664 1495 1869 1550 aridum.

304 1564 513 1617 Vulvas
535 1566 882 1633 procidentes
923 1567 1186 1633 butyrum
1226 1564 1471 1617 infusum
1503 1567 1672 1619 sistit.
1740 1565 1873 1619 ludu·

305 1642 482 1688 ratam
506 1636 722 1688 vulvam
744 1638 926 1703 aperit
955 1634 1036 1688 fel
1065 1637 1333 1688 bubulum
1366 1651 1599 1689 rosaceo
1633 1637 1874 1694 admixto,

304 1706 442 1759 foris
467 1706 672 1757 vellere
697 1723 818 1758 cum
837 1704 1019 1759 resina
1038 1704 1411 1758 terebinthina
1427 1706 1712 1773 imposito.
1734 1708 1877 1761 Aiunt

307 1783 365 1831 et
385 1776 569 1828 suffitu
593 1776 710 1827 fimi
732 1793 762 1829 e
786 1792 937 1829 mare
955 1777 1119 1838 bove,
1138 1776 1487 1843 procidentes
1506 1776 1707 1829 vulvas
1726 1776 1875 1843 repri-

306 1848 403 1909 mi,
432 1854 627 1915 partus
660 1847 932 1899 adiuvari:
977 1852 1273 1912 conceptus
1312 1860 1445 1897 vero
1488 1848 1715 1899 vaccini
1738 1845 1875 1899 lactis

307 1923 462 1983 potu.
533 1916 900 1969 Sterilitatem
923 1916 991 1967 ob
1015 1920 1203 1982 partus
1225 1916 1579 1967 vexationem
1600 1918 1743 1977 fleri,
1776 1930 1873 1967 cer-

309 1994 424 2037 tum
469 1992 569 2037 est.
641 1986 802 2037 Hanc
826 1986 1106 2038 emendari
1138 1984 1421 2053 Olympias
1443 1984 1715 2039 Thebana
1754 1987 1881 2039 affir-

307 2061 422 2107 mat
441 2053 575 2107 felle
598 2057 839 2119 taurino,
885 2062 938 2107 et
961 2054 1121 2121 adipe
1144 2056 1501 2121 serpentium,
1533 2064 1590 2110 et
1616 2057 1879 2125 aerugine,

309 2141 374 2177 ac
420 2126 597 2185 melle,
637 2125 924 2177 medicatis
963 2125 1106 2177 locis
1148 2131 1277 2177 ante
1316 2126 1511 2177 coitus.
1585 2125 1879 2179 vitulinum

308 2210 526 2263 quoque
549 2192 642 2256 fel,
663 2195 718 2246 in
742 2194 1161 2263 purgationibus
1183 2195 1283 2247 sub
1306 2194 1457 2247 coitu
1476 2211 1763 2263 aspersum
1780 2195 1881 2247 vul·
1975 2190 1976 2219 ³

307 2280 428 2327 vae,
470 2265 636 2315 etiam
672 2263 932 2319 duritiam
963 2264 1172 2317 ventris
1204 2264 1437 2326 emollit,
1476 2273 1537 2317 et
1566 2266 1879 2333 profluvium

308 2334 507 2384 minuit
547 2333 808 2387 umbilico
851 2341 1134 2402 peruncto,
1177 2340 1340 2401 atque
1378 2335 1437 2385 in
1476 2341 1665 2389 totum
1702 2337 1879 2389 vulvae

307 2404 551 2467 prodest.
626 2403 854 2455 Modum
894 2408 1146 2455 statuunt
1189 2401 1341 2455 fellis
1379 2403 1625 2471 pon-dere
1671 2406 1881 2467 denarii,

315 2470 430 2547 opii
451 2470 637 2533 tertia,
660 2471 910 2523 admixto
929 2472 1284 2541 amygdalino
1308 2474 1452 2537 oleo,
1491 2484 1753 2541 quantum
1772 2490 1879 2529 esse

314 2543 762 2613 satisappareatz
805 2541 910 2592 hoc
947 2542 1008 2592 in
1029 2543 1241 2594 vellere
1280 2544 1589 2610 imponunt.
1656 2544 1879 2599 Masculi

311 2598 389 2650 fel
423 2606 599 2665 vituli,
641 2624 765 2660 eum
803 2610 986 2663 mellis
1030 2610 1260 2679 dimidio
1299 2614 1513 2677 tritum,
1550 2622 1797 2669 servatur
1810 2612 1877 2665 ad

312 2668 522 2745 vulvas.
593 2672 828 2731 Carnem
865 2679 1033 2733 vituli
1060 2681 1113 2733 si
1141 2696 1264 2735 cum
1292 2682 1661 2743 aristolochia
1684 2685 1875 2741 inma-

1056 2805 1085 2816 ο·
