2033 3044
276 135 584 189 NATUR.
611 133 952 186 nls‘roR.
985 134 1367 192 Lm.xx1v.
1406 134 1657 190 100-102.
1727 135 1794 189 37

209 256 325 295 rma
349 239 567 291 comedi
588 244 688 291 aut
705 237 826 289 bibi
843 244 1041 291 contra
1072 240 1259 290 omnia
1280 254 1571 305 corporum
1593 244 1797 293 incom—

209 308 384 370 moda,
407 308 950 373 instabilitatemque
971 308 1195 359 mentise
1232 308 1461 359 eandem
1483 311 1737 361 semnion
1762 324 1798 361 a

205 381 487 446 potentiae
527 378 825 429 maiestate
855 376 1148 443 appellari.
1216 376 1399 427 Aliam
1428 377 1625 430 deinde
1666 380 1797 431 ada·

205 448 472 509 numida,
491 448 792 497 Armeniae
813 445 1311 511 Cappadociaeque
1334 446 1633 497 alumnam.
1672 450 1799 500 Hac

205 516 428 569 admota
448 516 648 567 leones
667 514 976 580 resupinari
997 529 1119 566 eum
1142 512 1302 565 hiatu
1324 515 1473 567 laxo.
1546 516 1796 568 Nominis

201 600 422 637 causam
446 599 604 646 esse,
649 583 796 649 quod
831 584 1048 636 conteri
1081 588 1337 651 nequeat.
1406 584 1721 637 Arianidem
1739 587 1796 636 in

197 655 412 707 Arianis
449 653 636 721 gigni,
677 652 900 719 igneam
937 653 1153 705 coloret
1194 653 1415 721 colligi,
1454 668 1577 703 cum
1610 652 1707 704 Sol
1738 656 1796 705 in

201 722 386 775 Leone
405 724 500 774 sit.
550 722 736 772 Huius
757 728 911 773 tactu
934 728 1203 787 peruncta
1225 722 1351 773 oleo
1373 722 1527 789 ligna
1549 723 1795 775 accendi.

199 790 580 843 Therionarca
597 791 658 841 in
669 790 1035 857 Cappadocia
1044 797 1099 841 et
1114 792 1301 856 Mysia
1314 802 1594 855 nascente,
1608 807 1797 844 omnes

197 860 346 913 feras
365 866 706 927 torpescere,
719 874 821 909 nec
841 858 953 911 nisi
973 858 1223 925 hyaenae
1246 862 1440 913 urinae
1460 875 1687 929 aspersu
1712 877 1795 926 re-

202 930 393 981 creari.
465 927 807 993 Aethiopida
844 928 904 979 in
929 927 1125 980 Meroe
1162 929 1335 981 nasci.
1409 932 1493 981 Ob
1527 930 1583 981 id
1607 936 1663 983 et
1684 930 1801 981 Me-

199 998 362 1049 roida
382 997 684 1065 appellari,
726 996 864 1049 folio
887 996 1143 1050 lactucae
1159 1031 1176 1058 ,
1220 996 1541 1063 hydropicis
1562 999 1797 1049 utilissi-

199 1083 344 1119 mam
367 1083 398 1120 e
419 1066 602 1119 mulso
625 1072 833 1131 potam.
858 1063 1163 1132 ophiusam
1186 1066 1243 1118 in
1265 1064 1631 1132 Elephantine
1655 1072 1798 1119 eius-

199 1136 323 1189 dem
345 1134 698 1201 Aethiopiae,
718 1134 964 1198 lividam,
1010 1133 1399 1201 difficilemque
1421 1143 1666 1202 aspectu,
1690 1150 1799 1203 qua

197 1213 335 1271 pota
352 1210 632 1257 terrorem
657 1204 944 1271 minasque
965 1206 1298 1269 serpentium
1314 1205 1617 1267 obversari,
1630 1209 1711 1258 ita
1733 1214 1797 1257 ut

199 1282 434 1327 mortem
467 1274 582 1325 sibi
605 1286 676 1325 eo
705 1277 855 1338 metu
889 1274 1262 1326 consciscant:
1302 1275 1375 1327 ob
1394 1274 1453 1327 id
1477 1276 1603 1343 cogi
1620 1280 1793 1329 sacri-

197 1343 351 1413 legos
368 1345 527 1395 illam
550 1343 758 1395 bibere.
829 1343 1123 1395 Adversari
1144 1351 1327 1395 autem
1349 1346 1403 1396 ei
1424 1344 1697 1411 palmeum
1720 1346 1801 1396 vi-

201 1429 345 1465 num.
419 1410 844 1477 Thalasseglem
887 1411 1035 1463 circa
1064 1411 1255 1463 ludum
1293 1426 1505 1465 amnem
1536 1416 1799 1475 inveniri,

197 1496 339 1550 quae
359 1484 431 1535 ob
453 1480 514 1534 id
541 1481 764 1534 nomine
785 1480 901 1532 alio
937 1481 1275 1548 potamantis
1306 1483 1648 1550 appellatur:
1692 1484 1797 1536 hnc

197 1560 330 1618 pota
367 1550 658 1618 lymphari
699 1547 981 1610 homines,
1030 1550 1449 1604 obversantibus
1492 1555 1795 1606 miraculis.

195 1619 580 1689 'theangelida
601 1620 659 1670 in
680 1619 896 1671 Libano
921 1618 1145 1684 Syriae,
1183 1620 1349 1674 Dicte
1374 1623 1569 1674 Cretae
1594 1623 1795 1674 monti-

195 1692 316 1752 bus,
354 1697 411 1742 et
432 1689 750 1754 Babylone,
791 1695 851 1740 et
871 1687 1027 1740 Susis
1049 1687 1293 1740 Persidis
1317 1691 1487 1752 nasci,
1532 1706 1639 1756 qua
1660 1699 1799 1756 pota

193 1759 349 1825 Magi
372 1758 646 1810 divinent.
719 1755 1193 1821 Gelotophyllida
1212 1757 1267 1805 in
1288 1757 1526 1818 Bactris,
1569 1765 1627 1810 et
1648 1762 1799 1810 circa

194 1827 609 1894 Borysthenen.
681 1827 838 1878 Haec
860 1825 908 1876 si
939 1825 1159 1876 bibatur
1182 1839 1301 1874 cum
1328 1825 1552 1891 myrrha
1574 1833 1631 1878 et
1650 1827 1796 1888 vino,

192 1898 378 1950 varias
403 1895 691 1948 obversari
715 1894 954 1961 species,
995 1892 1321 1960 ridendique
1343 1894 1503 1946 finem
1528 1911 1635 1946 non
1662 1897 1799 1957 fieri,

193 1966 298 2017 nisi
323 1967 475 2032 potis
500 1966 710 2016 nucleis
733 1965 930 2030 pineae
952 1962 1107 2014 nucis
1132 1977 1250 2012 cum
1276 1965 1462 2029 pipere
1484 1969 1539 2014 et
1558 1964 1724 2016 melle
1744 1964 1797 2014 in

191 2037 326 2086 vino
350 2036 592 2102 palmeo.
619 2031 1008 2084 Hestiatorida
1032 2046 1066 2083 a
1086 2033 1342 2084 convictu
1368 2034 1425 2084 in
1456 2033 1683 2084 Perside
1704 2048 1801 2082 no-

189 2105 412 2166 minari,
433 2103 700 2170 quoniam
727 2101 1037 2153 hilarentur
1058 2101 1178 2151 illa.
1250 2101 1495 2152 Eandem
1524 2109 1801 2166 protome-

191 2173 366 2234 diam,
389 2187 501 2239 qua
525 2173 822 2236 primatum
847 2170 991 2235 apud
1016 2183 1177 2236 reges
1200 2171 1501 2223 obtineant.
1546 2171 1803 2236 Casigne-

189 2251 308 2303 ten,
319 2242 586 2308 quoniam
612 2255 794 2290 secum
821 2241 942 2306 ipsa
963 2245 1238 2300 nascatur,
1252 2255 1353 2293 nec
1374 2256 1495 2291 cum
1518 2239 1653 2290 ullis
1674 2238 1801 2292 aliis

193 2309 404 2362 herbis.
437 2309 690 2364 Eandem
715 2305 1361 2374 Dionysonymphadem,
1386 2309 1647 2374 quoniam
1671 2309 1799 2360 vino

193 2382 333 2431 inire
358 2378 680 2430 conveniat.
755 2375 1081 2430 Helianthes
1112 2384 1273 2427 vocat
1296 2380 1348 2426 in
1371 2375 1803 2444 Themiscyrena

194 2449 429 2516 regione
457 2455 515 2498 et
541 2446 772 2498 Ciliciae
794 2447 1078 2498 montibus
1097 2446 1405 2507 maritimis,
1448 2446 1585 2498 folio
1612 2448 1801 2514 myrti.

194 2517 321 2570 Hac
345 2534 471 2569 cum
501 2515 667 2580 adipe
691 2515 914 2565 leonino
941 2513 1185 2574 decocta,
1210 2514 1404 2566 addito
1428 2530 1587 2566 croco
1612 2523 1669 2567 et
1693 2515 1805 2581 pal·

196 2601 322 2639 meo
349 2587 502 2646 vino,
537 2585 772 2650 perungi
794 2584 994 2648 Magos
1014 2588 1071 2634 et
1093 2581 1381 2634 Persarum
1415 2600 1589 2652 reges,
1626 2591 1687 2634 ut
1708 2586 1805 2633 fiat

195 2670 406 2724 corpus
431 2659 668 2721 aspectu
696 2652 1012 2703 iucundum.
1085 2648 1215 2702 ideo
1242 2652 1469 2706 eandem
1495 2649 1804 2704 heliocalli-
