2033 3044
361 142 667 199 NATUR.
705 142 928 198 nisT.
976 146 1136 199 [ΑΒ.
1170 144 1349 201 XXX.
1370 148 1567 213 12-15.
1638 145 1749 205 259

151 252 406 301 utuntur.
476 247 586 299 Alii
623 262 838 315 vermes
875 230 1131 301 terrenos
1168 250 1431 314 totidem,
1456 240 1592 320 'quot
1634 246 1747 307 s‘in’t

151 326 434 379 strumae,
479 317 806 387 adalligant,
844 319 1163 387 pariterque
1200 336 1319 371 cum
1352 319 1439 371 his
1470 328 1745 377 arescunt.

154 387 268 441 Alii
287 386 539 455 viperam
565 386 712 437 circa
735 387 900 438 Canis
919 393 1102 440 ortum
1126 388 1546 453 circumcidunt,
1579 398 1640 441 ut
1663 391 1745 444 di·
1844 408 1847 412 ·

157 456 358 518 ximus,
399 455 524 507 dein
549 454 785 506 mediam
816 458 1165 525 comburunt,
1207 458 1333 511 dein
1366 459 1603 511 cinerem
1626 475 1751 512 eum

157 526 296 579 daut
313 524 608 577 bibendum
629 530 715 575 ter
734 528 976 592 septenis
1004 527 1216 597 diebus,
1241 536 1500 596 quantum
1522 527 1756 595 prehen-

157 596 316 649 ditur
343 596 518 645 ternis
547 593 768 663 digitis-2
813 598 896 647 sic
933 599 1162 649 strumis
1196 598 1501 663 medentur.
1573 598 1756 666 Aliqui

156 680 294 718 vero
317 662 702 730 circumligant
730 679 824 717 eas
845 665 987 729 lino,'
1026 677 1135 733 quo
1166 668 1477 734 praeligata
1502 666 1651 718 intra
1669 683 1757 721 ca·

155 740 260 803 put
275 733 474 801 vipera
493 734 830 799 pependerit,
853 734 1031 787 donec
1053 738 1481 788 exanimaretur.
1540 738 1615 789 Et
1637 736 1756 788 mil-

157 802 378 871 lepedis
411 808 658 865 utuntur,
701 804 892 855 addita
921 808 1141 858 resinae
1172 804 1574 859 terebinthinae
1597 812 1757 873 parte

147 878 386 995 qubuta:
435 886 544 940 quo
567 872 968 926 medicamento
993 878 1180 927 omnia
1202 882 1551 944 apostemata
1572 874 1757 929 curari

157 947 215 995 iu
257 948 377 997 ent.

225 1012 380 1067 xm.
421 1010 656 1063 Humeri
695 1010 984 1063 doloribus
1015 1012 1279 1065 mustelae
1314 1013 1453 1065 cinis
1485 1030 1605 1066 cum
1628 1028 1758 1066 cera

155 1082 434 1136 medetur.
506 1080 590 1133 Ne
621 1080 735 1132 sint
772 1081 894 1133 alae
936 1081 1203 1145 hirsutae,
1245 1084 1606 1135 formicarum
1652 1098 1757 1137 ova

157 1154 352 1221 pueris
369 1150 631 1203 infricata
653 1148 950 1219 praestant.
1024 1152 1161 1203 Item
1188 1154 1567 1222 mangonibus,
1595 1156 1657 1203 ut
1674 1149 1758 1203 la·

155 1236 312 1290 nugo
335 1219 553 1273 tardior
579 1220 1115 1288 sit„pubescentium‚
1156 1226 1381 1291 sanguis
1406 1240 1447 1291 ‘e
1481 1220 1757 1275 testiculis

159 1300 452 1363 agnorum,
493 1290 592 1359 qui
627 1297 964 1344 casti-autore
1005 1292 1096 1361 qui
1120 1293 1323 1345 evulsis
1341 1293 1473 1363 pilis
1492 1294 1675 1357 illitus
1700 1296 1759 1344 et

161 1370 362 1415 contra
383 1360 539 1413 virus
558 1361 793 1427 proficit.
1276 1370 1283 1375 ’
1364 1364 1369 1373 ’
1512 1368 1518 1373 ’
1726 1366 1733 1383 ·“

229 1429 383 1484 xlv.
418 1428 752 1483 Praecordia
771 1444 1033 1483 vocamus
1056 1445 1167 1483 uno
1191 1432 1411 1495 nomine
1434 1439 1563 1486 exta
1582 1434 1639 1484 in
1661 1430 1761 1484 ho·

159 1501 350 1554 minet·
388 1513 620 1567 quorum
643 1500 699 1552 in
726 1500 922 1552 dolore
946 1501 1319 1568 cuiuscunque
1342 1503 1515 1568 partis
1540 1539 1557 1566 ,
1598 1503 1650 1554 si
1673 1516 1761 1554 ca-

161 1571 319 1624 tulus
341 1569 555 1622 lactens
575 1570 934 1622 admoveatur
950 1603 967 1632 ,
1007 1569 1455 1638 apprimaturque
1476 1570 1563 1624 his
1590 1571 1763 1640 parti·
1810 1595 1825 1612 ·

161 1641 287 1703 bue,
305 1639 550 1692 transire
571 1641 628 1691 in
649 1653 773 1692 eum
793 1639 1019 1690 morbus
1036 1637 1259 1691 ‘dicitur-
1330 1640 1497 1706 idque
1516 1641 1575 1694 in
1598 1656 1763 1694 exen-

161 1715 376 1774 terato,
407 1709 752 1830 (perfusoque
787 1709 916 1759 vino
937 1706 1289 1774 deprehendi,
1332 1709 1527 1760 vitiato
1549 1711 1761 1764 viscere

163 1779 269 1832 ino
289 1792 403 1847 quo
461 1779 705 1830 doluerit
726 1775 989 1828 hominis:
1011 1781 1069 1830 et
1090 1777 1248 1828 obrui
1270 1777 1413 1829 tales
1436 1780 1635 1845 religio
1658 1785 1761 1830 est.

165 1849 250 1902 ni
265 1863 502 1918 quoque,
523 1862 660 1916 quos
680 1847 980 1901 Melitaeos
1003 1861 1281 1909 vocamus,
1304 1847 1580 1899 stomachi
1602 1847 1760 1898 dolo-

165 1933 288 1973 rem
307 1919 510 1972 sedant
543 1917 805 1987 applicati
839 1917 1077 1983 saepius.
1148 1915 1516 1981 Transireque
1538 1913 1765 1969 morbos

164 1977 1764 2126 3335335555323253'3322’ssssss22⁰3&ss⁰223&ss

1054 2095 1059 2098 .
1473 2091 1490 2116 ‚
1672 2103 1675 2105 Α
1740 2113 1745 2120 .

167 2126 440 2190 Africani,
461 2127 713 2180 detracta
733 2133 858 2179 cute
875 2127 930 2178 in
954 2123 1081 2178 oleo
1104 2131 1161 2178 et
1180 2125 1297 2178 sal'e
1318 2125 1555 2186 decocti,
1598 2128 1765 2190 atquo

163 2201 228 2252 in
247 2198 377 2252 cibo
397 2197 587 2249 sumti.
659 2197 865 2250 Eadem
891 2210 979 2250 res
1001 2202 1059 2248 et
1076 2193 1387 2263 purulentis
1407 2193 1501 2246 vel
1523 2193 1767 2248 cruentis

169 2267 650 2322 exscreationibus
671 2266 939 2318 medetur.
1740 2305 1745 2312 .

239 2335 364 2390 XV.
419 2335 722 2406 Praecipue
742 2349 874 2386 vero
899 2332 1249 2386 cochlearum
1273 2332 1429 2385 cibus
1451 2327 1767 2384 stomacho:

169 2407 235 2460 iu
254 2416 400 2478 aqua
419 2420 512 2459 eas
523 2403 898 2458 subfervefieri
917 2403 1128 2455 intacto
1152 2417 1383 2470 corpore
1404 2416 1589 2454 earum
1605 2415 1767 2468 opor·

173 2483 278 2540 tet,
299 2491 432 2528 mox
452 2475 582 2529 etin
602 2487 779 2542 pruna
796 2473 1020 2536 torreri,
1048 2471 1220 2525 nihilo
1245 2471 1459 2533 addito,
1500 2477 1558 2522 at
1594 2486 1662 2523 ue
1681 2471 1767 2524 ita

175 2561 212 2600 e
239 2547 370 2598 vino
403 2557 645 2613 garoque
680 2543 841 2605 sumi,
885 2541 1177 2610 praecipue
1207 2541 1515 2594 Africanas.
1616 2539 1768 2610 'uper

175 2615 288 2669 hoc
325 2621 662 2682 compertum
705 2612 960 2682 plurimis
990 2612 1271 2682 prodesse.
1342 2607 1407 2664 ld
1428 2625 1641 2682 quoque
1674 2611 1768 2662 ob·

177 2690 426 2750 temni,
463 2691 528 2735 ut
545 2697 774 2738 numero
797 2682 994 2751 impari
1012 2686 1361 2805 numantini-‚²
1392 2677 1561 2735 Virus
1582 2686 1767 2734 tamen
