2033 3044
206 196 497 251 NATUR.
542 196 887 251 HlsToR.
931 198 1093 252 LIB.
1132 192 1321 253 XXV.
1365 202 1565 255 78-87.
1640 194 1709 255 ⁷3

149 306 244 351 tur:
284 308 479 351 contra
519 315 684 367 quam
728 304 786 353 et
824 298 968 363 thus,
1009 307 1069 353 et
1104 316 1359 368 panaces,
1392 304 1709 357 Chironium

152 371 434 435 praecipue.
505 370 634 421 Hoc
660 375 716 420 et
736 376 930 421 contra
950 369 1175 437 fungos.

201 438 494 491 Lxxxlll.
550 440 760 493 Verum
805 446 862 491 et
903 441 1213 507 generatim
1254 442 1713 511 membratimque

147 508 356 575 singulis
379 521 674 575 corporum
703 509 910 560 morbis
938 510 1183 561 remedia
1202 512 1571 573 subtexemus,
1594 514 1710 562 orsi

147 592 174 627 a
189 578 374 643 capite.

199 644 242 697 1.
262 646 552 711 Alopecias
574 646 832 698 emendat
852 647 1195 715 nymphaeae
1217 654 1273 699 et
1296 652 1509 701 cicutae
1530 648 1709 713 radix,

146 716 306 767 sinna
322 717 492 767 tritae
527 715 836 768 illinantur.
907 716 1203 783 Polythrix
1234 716 1411 769 distat
1430 733 1465 768 a
1485 718 1710 769 callitri-

143 783 245 847 che,
266 784 407 854 quod
427 788 623 837 iuncos
649 785 810 837 albos
832 785 1013 848 habet,
1046 793 1101 837 et
1122 786 1259 837 folia
1280 788 1454 854 plura,
1476 787 1711 839 maiora-

141 869 250 919 que.
317 856 542 907 Frutice
587 869 800 922 quoque
832 858 1009 907 maior
1032 864 1141 907 est:
1189 856 1518 907 defluentem
1543 857 1709 923 capil-

139 924 234 974 lum
259 925 548 975 confirmat
572 931 630 977 et
653 923 868 977 densat.

195 993 489 1046 LXXXIV.
529 994 581 1045 2.
621 994 759 1046 ltem
781 992 1060 1061 lingulaca
1083 997 1231 1046 circa
1252 992 1435 1045 fontes
1455 1009 1708 1057 nascens,

141 1064 275 1114 cuius
294 1063 454 1116 radix
477 1064 727 1115 admixta
741 1065 1025 1115 combusta
1046 1064 1248 1115 teritur
1268 1080 1389 1115 cum
1409 1063 1572 1131 adipe
1590 1064 1707 1114 suis

137 1132 328 1198 nigrae.
395 1130 461 1185 Id
503 1146 722 1200 quoque
756 1134 1047 1199 excipitur,
1086 1139 1149 1184 ut
1180 1135 1297 1184 eius
1332 1134 1406 1184 sit
1426 1134 1541 1183 suis
1564 1148 1705 1204 quae

133 1216 382 1268 nunquam
406 1204 645 1269 peperit.
717 1201 815 1254 Sol
857 1202 1059 1254 deinde
1084 1202 1373 1269 plurimum
1398 1202 1615 1255 confert
1636 1204 1705 1255 il-

134 1269 266 1322 litae.
335 1272 546 1324 Similis
575 1286 710 1323 usus
731 1278 818 1323 est
839 1272 1140 1339 cyclamini
1162 1272 1379 1324 radicis.
1457 1273 1703 1343 Porrigi-

137 1354 244 1390 nem
265 1342 467 1395 veratri
489 1340 647 1392 radix
671 1341 824 1393 tollit
843 1342 897 1392 in
923 1342 1049 1394 oleo
1073 1340 1321 1405 decocta,
1354 1344 1439 1395 vel
1461 1344 1517 1394 in
1539 1358 1699 1411 aqua.

141 1408 324 1475 Capitis
347 1411 530 1464 dolori
553 1410 806 1463 medetur
823 1413 1046 1476 panacis
1068 1412 1309 1463 omnium
1333 1427 1594 1479 generum
1615 1427 1703 1464 ra-
1725 1430 1728 1433 ·

139 1476 224 1530 (lix
243 1480 290 1532 in
311 1480 436 1534 oleo
461 1481 735 1535 contritaz
759 1479 1139 1544 aristolochia,
1164 1490 1219 1534 et
1239 1481 1409 1536 iberis
1432 1482 1698 1552 adalliga-

135 1553 188 1599 ta
207 1547 458 1614 hora,‘vcl
485 1551 715 1612 diutius,
741 1552 790 1602 si
814 1553 929 1618 pati
946 1554 1145 1619 possit,
1170 1553 1469 1604 comitante
1490 1555 1702 1607 balinei

135 1633 239 1670 usu.
299 1622 563 1674 Medetur
584 1627 642 1673 et
665 1621 911 1672 daucum.
983 1621 1196 1689 Purgat
1236 1629 1419 1674 autem
1440 1623 1702 1690 cyclami-

137 1703 221 1740 nos
256 1705 370 1743 cum
416 1692 583 1744 melle
607 1693 668 1741 in·
683 1706 843 1742 nares
875 1689 1093 1741 addita:
1136 1696 1191 1741 et
1228 1689 1457 1744 hulcera
1500 1693 1699 1760 capitis

139 1766 276 1812 sanat
292 1760 456 1812 illita.
534 1761 792 1812 Medetur
815 1765 871 1812 et
891 1763 1255 1824 peristereos..
1308 1819 1313 1824 ⁸
1417 1769 1420 1774 ¹

195 1825 455 1884 LXXXV.
493 1830 546 1882 3.
583 1830 813 1884 Cacalia
849 1829 966 1880 sive
1005 1828 1245 1882 leontice
1287 1833 1549 1892 vocatur,
1610 1845 1701 1881 se-

135 1909 240 1950 men
255 1901 572 1968 margaritis
594 1901 824 1952 minutis
849 1899 1049 1960 simile,
1071 1897 1383 1965 dependens
1407 1897 1551 1949 inter
1568 1895 1705 1950 folia

135 1971 360 2034 grandia,
381 1971 442 2021 in
463 1971 753 2023 montibus
776 1970 915 2023 fere.
987 1969 1169 2020 Huius
1190 1982 1367 2036 grana
1390 1965 1703 2037 quindecim

135 2035 182 2084 in
201 2037 312 2090 oleo
335 2046 711 2104 macerantur,
753 2043 920 2108 atque
941 2038 1023 2091 ita
1046 2039 1281 2092 adverso
1306 2036 1512 2106 capillo
1534 2044 1701 2104 caput

133 2118 196 2156 un
235 2107 349 2161 'tun

188 2122 480 2232 &XXXVL
517 2175 570 2228 4.
607 2176 702 2228 Fit
723 2183 781 2228 et
821 2193 889 2230 ex
913 2176 1225 2230 callitriche
1248 2182 1700 2229 sternumentum.

133 2241 270 2297 Folia
305 2254 436 2300 sunt
473 2246 806 2299 lenticulae:
852 2248 1039 2303 caules
1070 2248 1217 2298 iunci
1254 2247 1439 2298 tenuis
1454 2246 1697 2308 similis:

135 2313 292 2369 radice
313 2317 566 2368 minima.
637 2313 982 2370 Nascitur-in
1007 2319 1196 2386 opacis
1219 2323 1275 2369 et
1296 2316 1561 2382 humidis,
1598 2331 1696 2384 gu-

135 2389 260 2435 statu
281 2385 525 2438 fervens.
705 2391 709 2395 '

191 2453 512 2510 Lxxxvu.
544 2452 594 2505 5.
617 2454 942 2524 Hyssopuni
963 2456 1022 2507 in
1042 2456 1168 2508 oleo
1190 2455 1491 2507 contritum
1514 2451 1695 2524 phthi-

139 2519 242 2574 riasi
260 2526 496 2586 resistit,
523 2529 580 2576 et
601 2524 868 2592 prurigini
891 2528 947 2576 in
971 2527 1170 2591 capite.
1231 2527 1332 2576 Est
1352 2531 1533 2580 autem
1560 2529 1700 2593 opti·

137 2599 256 2644 uum
295 2595 556 2648 Cilicium
597 2607 627 2644 c
659 2593 847 2646 Tauro
890 2600 1099 2658 monte,
1140 2595 1265 2646 dein
1288 2593 1698 2664 Pamphylium,

135 2669 188 2710 nc
206 2661 596 2732 Smyrnaeum:
621 2663 909 2716 stomacho
933 2665 1291 2716 contrarium.
1344 2663 1549 2732 Purgat
1571 2679 1693 2716 cum

133 2723 226 2782 fico
245 2739 482 2787 sumtum
502 2745 602 2800 per
619 2729 865 2784 inferna:
911 2748 1035 2784 cum
1058 2733 1240 2798 melle,
1278 2733 1697 2787 vomitionibus.
