2033 3044
205 159 1304 218 NA‘rua.ulsToa.1.1B.xx1v.
1345 161 1566 243 23-29.
1637 161 1704 216 11

109 264 407 330 paralyses,
432 276 725 314 nervorum
754 262 998 316 dolores.
1059 265 1610 319 Praestantissimum
1631 265 1704 318 ad

110 348 285 386 cunum
310 340 369 403 e‘t
386 333 761 382 iumentorum
782 335 1044 384 scabiem.
1284 344 1286 347 '

170 401 338 454 XXV.
376 401 482 451 Est
525 406 581 451 et
613 400 1040 469 pissasphaltos,
1081 403 1258 453 mixta
1285 404 1543 455 bitumini
1584 405 1706 470 pice

107 468 435 521 naturaliter
472 483 543 520 ex
564 469 1045 534 Apolloniatarum
1088 485 1242 538 agro.
1311 473 1549 534 quidam
1595 473 1706 540 ipsi

108 539 344 601 miscent,
358 539 717 604 praecipuum
744 541 812 590 ad
836 541 1078 592 scabiem
1105 554 1362 605 pecorum
1385 541 1708 604 remedium,

106 614 197 658 aut
213 609 263 658 si
283 608 477 660 foetus
498 623 769 659 mammas
790 610 1036 660 laeserit.
1125 611 1410 661 Matutam
1433 611 1705 676 optimum

108 695 169 730 ex
188 695 268 740 eo,
289 678 442 748 quod
468 693 589 728 cum
614 677 809 740 ferret,
830 678 1066 728 innatat.
1595 739 1598 744 Ι

170 747 371 800 xxvi.
428 747 717 813 zopissam
738 748 893 799 eradi
916 747 1155 798 navibus
1178 747 1414 798 diximus
1437 763 1566 800 cera
1585 762 1680 800 ma

108 817 225 868 rino
256 817 375 868 sale
415 823 713 868 macerata.
787 817 1013 882 Optima
1048 813 1183 867 haec
1228 832 1265 866 a
1295 817 1559 868 tirocinio
1605 832 1704 868 ιιειἱ

107 886 261 936 vium.
336 885 579 939 Additur
617 891 801 941 autem
837 887 896 935 in
926 885 1266 950 malagmata
1309 885 1380 936 ad
1414 883 1708 938 discutien-

108 953 199 1006 das
216 955 595 1007 collectiones.

165 1023 389 1075 xxvn.
428 1021 585 1074 Teda
616 1022 849 1075 decocta
877 1023 938 1073 in
971 1028 1166 1086 aceto,
1208 1021 1453 1074 dentium
1477 1023 1706 1076 dolores

108 1091 400 1144 efficaciter
418 1092 688 1144 colluunt.

166 1161 417 1213 xxvlu.
452 1161 700 1212 Lentisci
725 1175 793 1212 ex
818 1162 1035 1223 arbore,
1081 1167 1140 1212 et
1161 1175 1367 1223 semen,
1411 1165 1468 1212 et
1488 1166 1706 1223 cortex,

107 1237 157 1282 et
173 1229 429 1290 lacrima,
456 1231 670 1280 urinam
696 1230 860 1290 cient,
894 1231 1082 1282 alvum
1103 1231 1328 1281 sistunt.
1395 1228 1707 1282 Decoctum

107 1315 289 1350 eorum
314 1297 549 1350 hulcera
569 1315 713 1366 quae
744 1304 1005 1365 serpunt,
1045 1297 1188 1349 fotu.
1259 1299 1502 1351 illinitur
1523 1300 1586 1350 in
1608 1299 1707 1350 hu-

105 1369 278 1433 midis,
321 1373 379 1420 et
402 1367 519 1435 igni
542 1383 727 1419 sacro:
766 1368 1020 1436 gingivas
1051 1367 1269 1419 colluit.
1341 1367 1504 1418 Folia
1527 1369 1705 1421 denti·

107 1436 201 1488 bus
218 1439 279 1490 in
303 1437 505 1488 dolore
526 1443 876 1488 atteruntur:
940 1437 1174 1488 mobiles
1198 1437 1430 1488 decocto
1457 1438 1708 1489 colluun-

106 1512 205 1558 tur.
276 1507 559 1576 Capillum
580 1507 823 1572 tingunt.
909 1505 1172 1557 Lacrima
1193 1506 1344 1559 sedis
1381 1507 1534 1559 vitiis
1585 1524 1709 1575 pro-

105 1574 236 1640 dest,
259 1592 386 1628 cum
412 1576 545 1642 quid
584 1577 789 1627 siccari
810 1575 1158 1628 excalfierive
1193 1591 1331 1643 opus
1355 1576 1450 1629 sit.
1521 1576 1703 1629 Deco-

106 1653 239 1695 οω-
264 1653 326 1697 et
346 1662 377 1697 e
396 1646 631 1697 lacrima
649 1644 938 1696 stomacho
962 1646 1121 1706 utile,
1168 1652 1382 1697 ructum
1408 1651 1466 1697 et
1485 1647 1704 1699 urinam

108 1728 350 1766 movens:
411 1714 560 1781 quod
584 1721 641 1765 et
666 1714 867 1781 capitis
891 1714 1178 1766 doloribus
1203 1729 1323 1764 cum
1350 1715 1577 1779 polenta
1597 1716 1706 1767 illi·

105 1785 259 1836 nitur.
330 1782 501 1835 Folia
540 1789 735 1837 tenera
775 1782 952 1833 oculis
994 1781 1351 1833 inflammatis
1391 1784 1706 1835 illinuntur.

107 1851 231 1905 ltem
262 1852 542 1904 mastiche
576 1852 801 1904 lentisci
837 1851 1170 1918 replicandis
1207 1850 1508 1915 palpebris,
1553 1858 1610 1901 et
1633 1852 1706 1903 ad

108 1922 502 1975 extendendam
530 1928 710 1975 cutem
732 1922 788 1971 in
820 1920 979 1981 facie,
1021 1926 1078 1971 et
1115 1927 1436 1987 smegmata,
1478 1918 1706 1973 adhibe·

106 1994 211 2041 tur:
247 1997 307 2043 et
338 1992 667 2059 sanguinem
703 1990 1100 2052 reficientibus,
1144 1991 1283 2039 tussi
1309 1990 1513 2041 veteri:
1551 1991 1704 2042 etad

109 2060 286 2111 omnia
322 2075 469 2127 quae
498 2059 887 2111 Hammoniaci
920 2059 1022 2109 vis.
1097 2058 1360 2109 Medetur
1399 2066 1457 2110 et
1494 2060 1704 2111 attritis

108 2129 365 2193 partibus,
386 2131 508 2180 sive
531 2129 657 2180 oleo
681 2144 711 2179 e
732 2130 939 2179 semine
960 2128 1081 2179 eius
1101 2125 1254 2178 facto
1277 2143 1546 2193 ceraeque
1565 2130 1704 2180 mix-

108 2204 175 2258 to,
196 2199 315 2249 sive
332 2196 507 2258 foliis,
530 2213 599 2249 ex
622 2198 749 2249 oleo
773 2197 1039 2258 decoctis,
1072 2196 1190 2247 sive
1212 2211 1336 2247 cum
1358 2196 1706 2265 aqua-virilia

109 2264 416 2319 foveantur.
490 2265 619 2317 Scio
638 2266 1031 2319 Democratem
1059 2265 1330 2316 medicum
1353 2266 1411 2316 in
1432 2266 1703 2316 valetudi-

110 2349 167 2385 ne
186 2334 495 2387 Considiae
518 2334 596 2386 Μ.
618 2334 839 2387 Servilii
860 2334 1162 2385 consularis
1184 2334 1354 2395 filiae,
1376 2350 1592 2387 omnem
1615 2351 1705 2385 cu-

110 2402 372 2458 rationem
409 2408 689 2455 austeram
727 2402 1053 2463 recusantis,
1095 2403 1191 2453 diu
1225 2402 1524 2455 efficaciter
1544 2420 1704 2455 usum

108 2469 240 2525 lacte
262 2486 581 2537 caprarum,
605 2486 739 2537 quas
761 2472 993 2523 lentisco
1014 2471 1292 2537 pascebat.

168 2540 376 2595 XXIX.
419 2540 640 2591 Platani
671 2541 1035 2592 adversantur
1055 2538 1562 2605 vespertilionibus.
1619 2540 1708 2593 Pi-

114 2606 249 2661 lulae
272 2624 469 2663 earum
493 2610 551 2660 in
569 2612 697 2661 vino
728 2617 895 2675 potae
927 2609 1281 2673 denariorum
1313 2615 1551 2675 quatuor
1571 2625 1707 2675 pon-

120 2675 527 2745 dere,omnibus
546 2679 878 2751 serpentium
900 2682 957 2731 et
976 2678 1329 2751 scorpionum
1353 2680 1578 2731 venenis
1602 2694 1712 2733 me·
