2033 3044
311 180 622 233 NA'ruR.
659 180 1008 234 Hls'roR.
1048 182 1206 235 1⁴13.
1242 183 1442 237 XXV.
1476 185 1527 239 5.
1551 187 1603 239 6.
1688 186 1763 241 4⁷

163 298 194 335 a
215 296 318 349 quo
341 282 534 335 ferunt
557 286 787 346 dictum,
828 285 1091 351 quasdam
1120 284 1379 339 fortassis
1400 290 1566 341 etiam
1589 290 1766 343 calca-

161 359 240 403 tas
264 352 550 419 prodesse.
594 356 963 407 Observatum
991 361 1143 405 corte
1167 362 1267 417 est,
1290 357 1619 411 inflammari
1646 360 1765 413 vul-

159 437 290 473 nera
307 438 374 474 ac
394 426 630 476 morbos
664 430 1001 491 superventu
1028 440 1242 488 eorum,
1284 429 1375 493 qui
1402 428 1634 493 pedibus
1656 433 1765 483 iter

154 491 512 544 confecerint.

220 562 315 617 vl.
353 564 516 614 Haec
537 567 663 613 erat
685 562 913 627 antiqua
936 564 1233 626 medicina,
1256 578 1398 632 quae
1418 570 1545 615 tota
1568 568 1767 635 migra-

149 631 249 684 bat
272 632 328 682 in
352 632 633 683 Graeciae
667 632 904 698 linguas.
979 632 1090 683 Sed
1115 647 1285 699 quare
1320 650 1430 686 non
1454 634 1639 701 plures
1661 651 1759 688 no-

152 707 398 765 scantur,
439 717 615 753 causa
637 708 738 763 est,
781 701 926 767 quod
973 717 1067 754 eas
1090 711 1340 770 agrestes
1367 705 1768 772 literarumque

150 768 332 839 igilari
353 773 810 839 experiuntur,ut
834 772 928 837 qui
950 771 1363 823 soliinterillas
1380 774 1589 825 vivant:
1611 790 1768 841 prae-

150 847 308 907 terea
345 842 625 894 securitas
663 840 985 907 quaerendi,
1034 842 1197 892 obvia
1220 843 1560 895 medicorum
1584 846 1765 895 turba.

151 910 347 962 Multis
368 914 545 962 ctiam
567 912 811 961 inventis
836 914 1061 961 nomina
1081 912 1455 974 desunt‚sicut
1480 913 1763 982 illi,quam

155 980 453 1033 retulimus
501 983 559 1032 in
598 980 823 1049 frugum
862 994 1010 1042 cura,
1054 982 1371 1047 scimusque
1408 982 1687 1035 defossam
1711 984 1767 1035 in

151 1051 372 1119 angulis
395 1050 608 1119 segetis
629 1058 948 1116 praestare,
991 1065 1059 1102 ne
1084 1064 1193 1116 qua
1212 1052 1330 1103 ales
1364 1050 1555 1105 intret.
1630 1056 1769 1106 Tur-

151 1120 382 1187 pissima
407 1136 578 1172 causa
622 1118 894 1181 raritatiS,
933 1120 1080 1185 quod
1102 1122 1268 1173 etiam
1296 1121 1388 1187 qui
1430 1122 1627 1187 sciunt,
1670 1118 1764 1175 de·

153 1196 468 1242 monstrare
492 1188 716 1255 nolunt3
742 1196 1006 1257 tanquam
1028 1190 1161 1255 ipsis
1186 1191 1493 1257 periturum
1511 1192 1607 1256 sit,
1620 1194 1765 1261 quod

154 1260 498 1313 tradiderint
521 1260 671 1312 aliis.
743 1259 969 1311 Accedit
1011 1260 1159 1311 ratio
1182 1261 1519 1313 inventionis
1544 1279 1764 1330 anceps.

152 1330 371 1397 Quippe
417 1332 584 1381 etiam
626 1329 682 1381 in
710 1328 963 1395 repertiS,
1008 1329 1150 1381 alias
1170 1330 1380 1383 invenit
1403 1348 1583 1399 casus,
1624 1334 1765 1385 alias

151 1394 242 1467 (ut
265 1415 395 1451 vere
417 1398 684 1460 dixerim)
709 1399 862 1451 deus.

221 1469 545 1524 insanabile
585 1470 657 1521 ad
698 1468 866 1520 hosce
901 1482 1077 1521 annos
1096 1468 1205 1521 fuit
1230 1469 1415 1522 rabidi
1434 1472 1588 1524 canis
1613 1486 1763 1525 mor-

153 1555 263 1602 sus,
287 1555 554 1608 pavorem
579 1555 773 1607 aquae,
796 1544 1072 1606 potusque
1096 1541 1273 1593 omnis
1294 1541 1532 1594 afferens
1558 1543 1765 1594 odium.

149 1609 343 1677 Nuper
366 1611 654 1663 cuiusdam
681 1609 970 1660 militantis
1011 1610 1067 1660 in
1104 1612 1387 1676 praetorio
1425 1619 1605 1664 mater
1623 1612 1766 1664 vidit

152 1679 205 1730 in
232 1683 424 1748 quiete
442 1716 459 1743 ,
500 1687 565 1730 ut
585 1679 832 1731 radicem
857 1678 1132 1730 silvestris
1150 1696 1339 1744 rosae,
1383 1697 1544 1748 quam
1568 1697 1765 1748 cynor-

152 1748 368 1802 rhodon
392 1755 614 1812 vocant,
654 1749 961 1800 blanditam
989 1748 1095 1798 sibi
1119 1757 1347 1814 aspectu
1368 1749 1550 1815 pridie
1570 1751 1628 1800 in
1653 1751 1764 1800 fru-

154 1826 322 1883 tecto,
363 1821 624 1872 mitteret
647 1819 761 1869 filio
783 1816 1113 1869 bibendam:
1156 1819 1210 1867 in
1236 1817 1539 1868 Laeetania
1560 1834 1648 1870 res
1672 1834 1763 1886 ge·

154 1889 402 1950 rebatur,
425 1890 739 1955 Hispaniae
775 1891 1029 1956 proxima
1051 1894 1235 1952 parte:
1281 1903 1522 1954 casuque
1543 1887 1766 1950 accidit,

154 1967 212 2010 ut
235 1961 419 2013 milite
442 1975 478 2009 a
499 1974 687 2010 morsu
717 1959 866 2008 canis
891 1957 1195 2022 incipiente
1228 1970 1401 2022 aquas
1439 1971 1766 2023 expavesce·

152 2043 227 2092 re,
239 2029 641 2098 superveniret
661 2028 902 2094 epistola
922 2029 1135 2078 orantis
1159 2033 1219 2077 ut
1239 2034 1461 2094 pareret
1476 2026 1766 2092 religioni:

151 2107 514 2166 servatusque
557 2105 644 2150 est
677 2113 743 2149 ex
764 2097 1063 2164 imperatu,
1107 2103 1163 2150 et
1184 2104 1383 2162 postea
1408 2095 1653 2164 quisquis
1674 2111 1765 2151 au·

151 2169 345 2222 xilium
372 2168 559 2222 simile
584 2167 839 2220 tentavit.
859 2213 871 2222 ,
913 2166 1066 2218 Alias
1110 2167 1252 2233 apud
1290 2173 1552 2220 auctores
1574 2181 1767 2232 cynor-

149 2238 306 2292 rhodi
333 2255 450 2291 una
468 2237 747 2290 medicina
769 2243 914 2289 erat:
955 2237 1301 2304 spongiolae‚
1324 2253 1464 2305 quae
1488 2239 1544 2286 in
1568 2235 1768 2287 mediis

149 2310 320 2376 spinis
347 2311 476 2362 eius
500 2307 770 2369 nascitur,
811 2308 996 2359 cinere
1024 2322 1144 2357 cum
1167 2307 1347 2368 melle,
1370 2305 1652 2373 alopecias
1674 2321 1765 2360 ca·

149 2381 280 2446 pitis
305 2379 555 2448 expleri.
629 2379 690 2428 ln
735 2377 927 2428 eadem
970 2377 1258 2443 provincia
1290 2375 1527 2444 cognovi
1550 2376 1606 2426 in
1628 2390 1768 2444 agro

151 2447 394 2518 hospitis
419 2462 605 2515 nuper
625 2447 700 2498 ibi
718 2456 994 2515 repertum
1015 2445 1411 2497 dracunculum
1428 2446 1769 2512 appellatum

153 2523 394 2584 caulem,
439 2517 707 2586 pollicari
729 2516 1117 2576 crassitudine,
1158 2516 1593 2566 versicoloribus
1614 2516 1768 2582 vipe-

151 2605 335 2644 mrum
362 2585 636 2646 maculis,
677 2601 835 2654 quem
860 2586 1118 2639 ferebant
1140 2591 1335 2636 contra
1358 2585 1603 2638 omnium
1626 2599 1769 2635 mor-

150 2677 242 2712 sus
265 2676 395 2716 esse
417 2655 712 2710 remedio:
755 2657 944 2716 alium,
983 2669 1148 2721 quam
1176 2670 1315 2720 quos
1341 2655 1397 2706 in
1419 2656 1591 2722 priori
1610 2653 1769 2705 volu-

151 2732 300 2786 mine
321 2729 582 2784 eiusdem
607 2726 844 2778 nominis
868 2725 1139 2778 diximus:
1164 2724 1262 2778 sed
1293 2723 1421 2778 huic
1440 2725 1555 2778 alia
1573 2726 1775 2793 figura,
