2033 3044
245 168 564 224 NATUR.
596 168 938 223 ulsTOR.
976 168 1387 223 L113.xx1v.
1429 172 1632 225 88-92.
1704 170 1772 223 33

171 274 282 323 lcm
306 287 440 323 vcro
466 270 844 334 dracontium,
883 272 939 323 in
961 277 1143 323 totum
1188 272 1384 334 alium,
1422 274 1473 323 si
1493 272 1659 325 modo
1682 273 1773 325 hic

171 348 278 401 est,
303 341 397 408 qui
420 342 569 406 apud
591 356 696 392 nos
717 341 1083 393 dracunculus
1107 347 1353 391 vocatur.
1377 341 1623 408 Namque
1644 358 1772 393 aros

174 409 420 461 radicem
443 411 660 475 nigram
684 412 736 459 in
760 410 1110 461 latitudinem
1135 410 1424 459 rotundam
1441 409 1623 471 habet,
1640 412 1773 462 mul-

173 490 352 545 toque
375 474 649 530 maiorem
666 513 682 540 ,
723 484 780 530 et
804 494 910 546 qua
931 494 1123 529 manus
1146 479 1455 544 impleatur.
1527 478 1775 531 Dracun-

177 547 335 599 culus
358 548 716 610 subrutilam,
739 554 796 599 et
821 547 1077 599 draconis
1102 547 1382 599 convoluti
1410 546 1601 599 modoz
1632 550 1776 601 unde

175 624 235 669 et
257 618 308 669 ei
331 632 550 667 nomen.

249 684 420 737 xcn.
460 684 610 747 Quin
635 689 690 735 et
710 683 822 750 ipsi
835 684 1035 736 Graeci
1059 686 1381 737 immensam
1406 699 1640 751 posuere
1662 684 1771 736 dif-

179 753 696 817 ferentiam,semen
719 753 1041 805 dracunculi
1064 752 1281 806 fervens
1304 753 1643 821 mordaxque
1666 762 1777 805 tra-

179 822 395 875 dendo:
438 828 766 889 tantumque
808 823 856 875 ei
897 825 1052 875 virus
1067 862 1084 887 ,
1125 830 1186 874 ut
1228 824 1490 874 olfactum
1532 823 1777 891 gravidis

179 893 438 945 abortum
461 891 688 943 inferat.
743 892 890 943 Aron
912 892 1067 944 miris
1091 891 1347 943 laudibus
1373 894 1645 945 extulere:
1667 895 1778 959 pri-

179 976 328 1013 mum
369 964 428 1012 in
463 961 602 1013 cibis
635 959 900 1012 feminam
932 961 1328 1029 praeferentes,
1373 964 1633 1028 quoniam
1659 977 1779 1013 mas

180 1030 373 1082 durior
395 1036 565 1093 esset,
606 1034 664 1081 et
682 1030 740 1079 in
763 1032 1050 1096 coquendo
1072 1030 1293 1081 lentior.
1366 1030 1617 1083 Pectoris
1640 1031 1779 1082 vitia

180 1113 446 1167 purgare:
485 1105 543 1151 et
565 1099 784 1149 aridum
815 1102 870 1149 in
908 1100 1135 1166 potione
1154 1101 1491 1167 inspersum,
1534 1106 1629 1151 aut
1650 1101 1773 1152 ecli-

177 1174 386 1237 gmate,
407 1170 628 1219 urinam
647 1174 704 1219 et
724 1182 938 1219 menses
963 1170 1126 1219 ciere.
1198 1166 1293 1219 Sic
1319 1170 1449 1219 etin
1472 1170 1777 1237 oxymelite

179 1244 367 1303 potum
389 1234 699 1300 stomacho,
721 1238 1129 1303 interaneisque
1150 1234 1518 1290 exhulceratis
1539 1252 1605 1291 ex
1628 1239 1777 1291 lacte

179 1307 346 1358 ovillo
357 1304 689 1357 bibendumt
713 1304 784 1356 ad
804 1307 1085 1368 tussim,in
1109 1306 1293 1358 cinere
1314 1313 1533 1358 coetum
1558 1322 1627 1358 ex
1650 1309 1777 1359 oleo

181 1374 405 1427 dedere.
463 1374 574 1426 Alii
597 1388 798 1426 coxere
819 1376 876 1425 in
899 1375 1062 1436 lacte,
1082 1382 1145 1426 ut
1167 1374 1449 1427 decoctum
1473 1376 1774 1428 biberetur.

189 1441 488 1511 Epiphoris
512 1442 726 1495 ‘elixum
762 1444 1107 1509 imposuere:
1149 1446 1284 1496 item
1306 1446 1607 1512 sugillatis,
1652 1454 1777 1497 ton-

177 1513 340 1566 sillis.
409 1513 498 1566 Ex
518 1512 644 1564 oleo
667 1510 1155 1566 haemorrhoidum
1181 1514 1315 1566 vitio
1336 1514 1624 1578 infudere,
1660 1515 1777 1567 len·

180 1583 382 1650 tigines
417 1597 488 1634 ex
521 1582 686 1636 melle
715 1583 1019 1636 illinentes.
1092 1582 1369 1636 Laudavit
1402 1585 1777 1655 Cleophantus

181 1660 238 1704 et
254 1667 360 1718 pro
382 1651 640 1704 antidoto
663 1657 858 1704 contra
875 1667 1115 1704 venena:
1142 1653 1466 1718 pleuriticis,
1490 1657 1778 1722 peripneu-

181 1721 434 1784 monicis,
449 1734 558 1786 quo
581 1720 946 1775 tussientibus
967 1721 1160 1771 modo:
1184 1736 1369 1772 semen
1381 1723 1632 1774 intritum
1651 1738 1773 1775 cum

183 1789 310 1842 oleo
353 1795 452 1842 aut
479 1803 710 1841 rosaceo
741 1789 1040 1849 infundens
1080 1789 1294 1839 aurium
1332 1788 1535 1840 dolori.
1608 1791 1779 1842 Dieu-

179 1856 308 1910 ches
330 1857 710 1921 tussientibus,
729 1865 826 1910 aut
846 1857 1189 1926 suspiriosis,
1214 1862 1269 1908 et
1293 1855 1692 1923 orthopnoicis,
1720 1866 1778 1910 et

179 1941 326 1993 pura
343 1927 782 1988 exsere-antibus,
814 1926 999 1978 farina
1020 1927 1353 1993 permixtum
1378 1927 1433 1977 in
1456 1941 1595 1993 pane
1618 1934 1775 1979 cocto

183 1995 354 2050 dedit.
389 1996 672 2050 Diodotus
693 1993 978 2062 phthisicis
999 2011 1031 2047 e
1055 1995 1219 2047 melle
1240 1995 1553 2063 ecligmate,
1576 2003 1633 2048 et
1654 1996 1773 2063 pul-

184 2065 363 2121 monis
383 2066 556 2126 vitiis,
578 2065 800 2116 ossibus
823 2066 988 2116 etiam
1016 2063 1213 2116 fractis
1235 2065 1520 2132 imposuit.
1574 2065 1775 2118 Partus

184 2133 428 2185 omnium
461 2133 785 2186 animalium
813 2134 1083 2195 extrahit,
1124 2139 1355 2186 naturae
1390 2133 1777 2186 circumlitum.

181 2201 390 2254 Succus
416 2203 620 2255 radicis
644 2218 764 2254 cum
789 2204 952 2254 melle
965 2205 1461 2267 Attico,oculorum
1488 2203 1775 2270 caligines,

183 2287 245 2322 ac.
265 2269 550 2324 stomachi
583 2273 720 2322 vitia
756 2270 1010 2331 discutit,
1048 2276 1241 2324 tussim
1279 2271 1495 2324 decocti
1530 2275 1617 2322 ius
1654 2289 1773 2324 eum

181 2341 362 2394 melle.
412 2341 664 2392 Hulcera
686 2339 922 2391 omnium
946 2356 1228 2407 generum,
1252 2342 1367 2392 sive
1389 2340 1777 2408 phagedaenae

181 2410 310 2473 sint,
353 2411 472 2462 sive
494 2411 891 2471 carcinomata,
931 2411 1049 2461 sive
1068 2417 1320 2475 serpant,
1366 2411 1483 2460 sive
1504 2413 1695 2480 polypi
1720 2414 1775 2462 in

182 2481 428 2542 naribus,
448 2495 644 2532 succus
671 2477 804 2529 mire
823 2483 1004 2530 sanat.
1072 2478 1235 2529 Folia
1258 2479 1523 2529 ambustis
1546 2489 1777 2546 prosunt

182 2563 244 2600 ex
267 2548 403 2602 vino
429 2554 486 2600 et
509 2549 635 2600 oleo
661 2554 836 2598 cocta.
859 2547 1053 2600 Alvum
1075 2547 1329 2598 inaniunt
1350 2562 1415 2599 ex
1440 2549 1555 2602 sale
1577 2557 1634 2602 et
1659 2567 1778 2602 ace·

183 2621 242 2668 tu
262 2623 466 2669 sumta.
524 2617 597 2667 Et
621 2615 825 2667 luxatis
847 2623 1004 2668 cocta
1026 2630 1147 2667 cum
1174 2616 1336 2667 melle
1358 2625 1612 2684 prosunt:
1638 2620 1778 2670 item

187 2687 439 2739 articulis
481 2683 798 2752 podagricis
837 2700 957 2737 cum
1000 2684 1146 2747 sale,
1194 2685 1439 2738 recentia
1479 2686 1569 2738 vel
1612 2687 1781 2738 sicea,

254 2755 450 2808 Pan«.
487 2753 658 2807 Tou.
699 2755 789 2807 lv.
1326 2743 1366 2794 c
