2033 3044
238 172 554 227 NATUR.
578 170 926 225 HISTOR.
949 172 1112 225 LlB.
1140 172 1396 227 xxvm.
1421 175 1591 229 2829.
1669 175 1767 229 1⁷9

171 276 372 329 codiiis
393 281 602 337 tuetur,
639 270 1057 341 instillaturque
1090 277 1382 327 morsibus.
1456 279 1563 329 Cor
1602 294 1765 331 anne-

171 360 298 397 xum
323 346 380 395 in
399 345 532 396 lana
554 344 674 395 ovis
697 345 909 410 nigrae,
933 347 1020 395 cui
1042 344 1227 395 nullus
1251 345 1395 396 alius
1416 347 1570 397 color
1592 350 1768 401 incur·

168 414 396 475 severit,
435 419 495 465 et
523 414 704 480 primo
739 420 904 478 partu
935 416 1177 480 genitae,
1222 422 1519 481 quartanas
1543 418 1768 485 abigere

171 484 394 535 dicitur.

235 550 444 603 xxlx.
482 551 778 617 lungemus
805 550 922 601 iilis
949 550 1243 602 simillima
1269 557 1327 603 et
1357 552 1650 619 peregrina
1680 568 1770 606 ae-

167 635 275 687 que
315 618 607 671 animalia:
665 620 924 687 priusque
968 620 1416 674 chamaeleonem
1438 656 1454 683 ,
1499 621 1771 688 peculiari

167 688 456 741 volumine
495 688 721 753 dignum
765 688 1144 740 existimatum
1183 689 1530 751 Democrito,
1564 706 1630 742 ac
1671 705 1769 757 per

165 756 394 824 singula
413 758 662 807 membra
694 756 1061 821 desecratum,
1099 774 1206 809 non
1243 761 1361 809 sine
1391 773 1595 826 magna
1616 761 1769 810 volu·

164 833 326 894 ptate
343 830 556 893 nostra,
577 827 822 893 cognitis
843 828 1189 893 proditisque
1209 826 1769 881 mendaciisGraecae

166 894 458 947 vanitatis.
531 894 745 947 Similis
788 902 844 945 et
873 896 1250 964 magnitudine
1294 904 1381 948 est
1404 912 1573 964 supra
1614 898 1767 949 dicto

160 962 479 1029 ‚crocodilm
501 965 694 1030 spinae
717 970 929 1015 tantum
955 966 1205 1017 acutiore
1226 972 1540 1029 curvatura,
1562 974 1619 1018 et
1642 982 1769 1019 cau·

165 1033 276 1087 dae
307 1033 675 1099 amplitudine
715 1033 944 1086 distans.
1013 1034 1239 1085 Nullum
1278 1034 1485 1087 animal
1517 1036 1767 1101 pavidius

165 1102 524 1157 existimatur
540 1138 557 1165 ,
592 1108 650 1155 et
691 1102 820 1155 ideo
860 1103 1216 1153 versicoloris
1259 1118 1384 1154 esse
1422 1105 1764 1157 mutationis.

163 1173 269 1228 Vis
289 1174 411 1225 eius
449 1171 690 1225 maxima
723 1179 921 1223 contra
949 1172 1275 1239 accipitrum
1295 1186 1485 1239 genus.
1557 1175 1761 1225 Detra-

167 1241 304 1295 here
325 1242 476 1292 enim
498 1240 940 1305 supervolantem
963 1240 1035 1291 ad
1057 1257 1117 1293 se
1141 1242 1397 1305 traditur,
1439 1249 1495 1293 et
1514 1243 1769 1294 volunta·

165 1313 319 1363 rium
344 1312 612 1377 praebere
638 1309 992 1361 lacerandum
1019 1311 1219 1361 ceteris
1246 1310 1593 1365 animalibus.
1665 1314 1767 1364 Ca-

165 1384 268 1447 put
295 1379 420 1433 eius
442 1386 498 1431 et
514 1385 714 1447 guttur
732 1378 779 1429 si
801 1380 1235 1447 roboreislignis
1258 1382 1649 1445 accendantur,
1668 1381 1771 1432 im-

162 1449 357 1501 brium
397 1454 455 1501 et
491 1447 798 1499 tonitruum
829 1463 1129 1500 concursus
1162 1448 1363 1511 facere,
1410 1450 1765 1503 Democritus

165 1520 392 1572 amat:
431 1519 560 1570 item
580 1517 734 1570 iecur
755 1520 812 1569 in
831 1517 1037 1586 tegulis
1057 1525 1261 1570 ustum.
1331 1520 1565 1588 Reliqua
1584 1518 1656 1572 ad
1678 1537 1769 1572 ve-

163 1588 376 1642 neficia
395 1587 727 1654 pertinentia
747 1602 886 1654 quae
908 1586 1063 1649 dicit,
1076 1601 1385 1652 quanquam
1407 1587 1552 1640 falsa
1575 1589 1768 1640 existi·

165 1663 406 1719 nantes,
447 1660 784 1718 omittemus,
824 1661 1213 1720 praeterquam
1235 1655 1331 1706 ubi
1350 1657 1513 1708 irrisu
1539 1672 1770 1724 coargu-

163 1727 394 1782 endum.
465 1724 682 1777 Dextro
705 1725 887 1784 oculo,
911 1724 960 1774 si
980 1723 1190 1774 viventi
1213 1729 1456 1787 eruatur,
1478 1725 1767 1792 albugines

165 1796 464 1850 oculorum
487 1809 610 1844 cun
630 1794 778 1846 lacte
800 1792 1025 1858 caprino
1050 1792 1203 1842 tolli:
1229 1790 1422 1858 lingua
1444 1793 1769 1859 adalligata,

164 1865 424 1932 pericula
439 1863 738 1931 puerperii.
809 1860 1055 1914 Eundem
1088 1860 1391 1912 salutarem
1424 1875 1543 1935 esse
1581 1865 1768 1926 partu·

164 1933 466 1994 rientibus,
487 1933 536 1984 si
553 1933 631 1984 sit
654 1929 838 1983 domi:
875 1930 1082 1981 sivero
1106 1929 1400 1989 inferatur,
1422 1928 1770 1995 perniciosis·

163 2002 390 2056 simum.
460 2001 756 2070 Linguam,
777 2000 828 2050 si
843 1999 1052 2052 viventi
1071 1999 1293 2050 ademta
1312 1997 1404 2059 sit,
1442 1997 1512 2048 ad
1535 1997 1768 2048 iudicio-

162 2086 289 2125 rum
315 2074 549 2122 eventus
570 2069 798 2135 pollere.
856 2071 965 2120 Cor
985 2068 1247 2120 adversus
1268 2072 1565 2133 quartanas
1585 2066 1770 2132 illiga·
1843 2114 1849 2121 .

163 2147 288 2194 tum
309 2140 476 2205 nigra
493 2140 620 2190 lana
638 2140 848 2205 primae
859 2143 1140 2188 tonsurae.
1210 2135 1414 2188 Pedem
1438 2151 1469 2188 e
1490 2136 1769 2202 prioribus

167 2209 460 2268 dextrum,
489 2206 742 2274 hyaenae
781 2207 926 2272 pelle
968 2206 1329 2274 adalligatum
1370 2205 1597 2256 sinistro
1638 2205 1765 2254 bra·

168 2276 320 2339 ebio,
343 2281 538 2328 contra
559 2276 856 2328 latrocinia
884 2283 1241 2340 terroresque
1262 2280 1563 2325 nocturnos
1588 2272 1766 2338 polle-

167 2361 252 2400 re.
321 2345 468 2398 Item
490 2344 745 2398 dextram
768 2345 1067 2395 mamillam
1094 2351 1288 2394 eontra
1308 2341 1654 2402 formidines,
1676 2355 1769 2407 pa-

167 2429 460 2482 voresque.
532 2413 826 2466 Sinistrum
863 2428 995 2465 vero
1038 2412 1231 2478 pedem
1266 2414 1465 2463 torreri
1503 2412 1562 2461 in
1604 2409 1767 2461 fiirno

171 2499 300 2538 cum
319 2483 514 2544 herba,
553 2497 692 2549 quae
711 2497 885 2548 aeque
907 2480 1262 2533 chamaeleon
1282 2485 1524 2542 vocetur,
1555 2478 1770 2532 addito-

169 2569 278 2622 que
295 2558 584 2621 unguento
607 2554 664 2603 in
689 2551 942 2619 pastillos
961 2549 1168 2616 digeri:
1210 2564 1307 2600 eos
1326 2547 1383 2598 in
1407 2547 1649 2616 ligneum
1671 2563 1769 2599 vas

169 2621 450 2683 conditos,
466 2627 752 2687 praestare
773 2620 844 2681 (si
865 2619 1163 2680 credimus)
1184 2632 1254 2668 ne
1276 2625 1533 2670 cernatur
1553 2619 1623 2670 ab
1642 2616 1771 2669 aliis

171 2693 268 2758 qui
289 2688 516 2744 babeat.
589 2693 808 2742 Armum
853 2687 1109 2742 dextrum
1144 2685 1546 2809 ειᾱῃῖὶιὲοειιᾱοι
1576 2686 1771 2740 adver-
