2033 3044
261 143 361 196 1⁷8
655 141 715 192 C.
765 139 1042 192 PL1N11
1086 137 1457 192 SECUNm

259 260 477 315 quoque
497 243 612 305 ille,
655 242 750 294 cui
789 243 908 294 vita
946 241 1004 293 in
1051 257 1197 308 aqua
1234 248 1497 309 terraque
1527 245 1867 296 communis.

255 318 382 368 Duo
408 315 550 366 enim
573 327 779 381 genera
790 326 1012 364 eorum:
1046 311 1201 362 illius
1222 311 1463 363 edextra
1483 313 1713 364 maxilla
1735 314 1870 366 den·

257 393 342 438 tes
387 383 681 452 adalligati
722 381 918 434 dextro
963 380 1195 444 lacertu,
1236 381 1423 434 coitus
1460 381 1533 444 (si
1558 383 1867 446 credimus)

259 455 570 507 stimulant.
644 451 838 503 Canini
871 450 988 501 eius
1023 449 1445 502 dentes-febres
1472 456 1654 502 statas
1670 457 1869 504 arcent

261 525 424 578 thure
446 523 662 588 repleti,
707 525 834 571 sunt
859 519 1001 572 enim
1029 519 1165 581 cavi,
1209 519 1289 569 ita
1312 535 1379 572 ne
1400 519 1600 570 die-bus
1625 519 1869 587 quinque

261 596 330 646 ab
353 608 524 660 aegro
547 597 827 650 cernatur,
871 591 962 655 qui
986 588 1397 654 adalligare-rit.
1470 588 1624 640 ldem
1648 589 1865 655 pollere

261 671 318 715 et
339 670 532 714 ventre
557 664 805 710 exemtus
828 657 1075 722 lapillos,
1118 657 1382 708 adversus
1406 656 1644 708 febrium
1667 657 1861 710 horro-

261 748 352 786 res
393 730 680 782 venientes
723 726 970 777 tradunt.
1042 726 1252 778 Eadem
1300 727 1369 778 de
1412 741 1583 777 causa
1602 727 1865 794 Aegyptii

261 804 576 869 perungunt
599 802 656 848 et
687 796 850 862 adipe
881 809 1079 862 aegros
1113 809 1261 845 suos.
1335 795 1495 846 Alter
1530 796 1620 846 illi
1642 796 1865 860 similis,

263 871 502 922 multum
527 865 673 918 infra
699 863 1096 931 magnitudine,
1140 867 1196 914 in
1222 869 1379 915 terra
1398 871 1641 925 tantum,
1662 867 1865 917 odora-

265 938 610 1003 tissimisque
633 935 864 987 floribus
886 934 1039 984 vivit.
1111 933 1195 984 Ob
1224 932 1282 982 id
1305 933 1574 985 intestina
1596 935 1714 984 eius
1738 934 1867 986 dili·

308 1015 464 1060 enter
487 1005 850 1072 exquiruntur
870 1002 1113 1053 iucundo
1136 1001 1333 1053 nidore
1357 1002 1588 1054 referta.
1662 1005 1867 1056 Croco-

266 1027 474 1130 {neam
515 1078 748 1135 vocant,
788 1071 1076 1123 oculorum
1120 1071 1277 1122 vitiis
1320 1072 1702 1135 utilissimam,
1746 1087 1869 1124 euin

267 1147 423 1215 porri
443 1160 612 1198 succo
632 1143 892 1204 inunctis,
913 1146 968 1194 et
989 1147 1183 1192 contra
1200 1139 1544 1192 suffusiones
1565 1142 1659 1194 vel
1680 1141 1871 1262 caligi-

268 1231 383 1268 nes.
459 1215 609 1264 lllita
631 1227 848 1278 quoque
871 1226 940 1262 ex
964 1211 1092 1262 oleo
1120 1209 1376 1276 cyprino,
1402 1211 1695 1262 molestias
1714 1212 1772 1262 in
1848 1237 1873 1250 ο

269 1285 356 1336 cie
391 1287 714 1335 enascentes
745 1280 919 1331 tollitz
955 1293 1025 1331 ex
1058 1293 1204 1345 aqua
1232 1293 1366 1330 vero
1404 1281 1636 1332 morbos
1668 1295 1873 1342 omnes,

271 1365 504 1420 quorum
539 1356 743 1400 natura
772 1350 949 1415 serpit
982 1349 1045 1398 in
1076 1346 1239 1408 faeie,
1280 1348 1638 1416 nitoremque
1669 1349 1873 1402 reddit.

269 1419 602 1487 Lentigines
630 1416 782 1468 tollit
815 1434 882 1469 ae
913 1415 1098 1478 var'os,
1140 1417 1497 1486 maculasque
1520 1433 1733 1470 omnes.
1804 1419 1877 1470 Et

273 1495 468 1543 contra
491 1486 809 1541 comitiales
833 1486 1057 1539 morbos
1079 1485 1288 1539 bibitur
1308 1502 1378 1539 ex
1400 1493 1567 1540 aceto
1588 1490 1773 1541 mulso
1792 1489 1875 1541 bi·

271 1560 358 1611 nis
395 1559 592 1611 obolis.
664 1557 938 1625 Apposita
977 1571 1197 1609 menses
1240 1558 1368 1607 ciet.
1439 1557 1699 1623 Optima,²
1734 1572 1879 1627 quae

273 1627 688 1688 candidissima,
729 1634 786 1677 et
828 1626 1094 1687 friabilis,
1134 1624 1475 1693 minimeque
1520 1630 1877 1694 ponderosa=

275 1712 398 1751 cum
420 1703 654 1758 teratur,
682 1696 832 1747 inter
854 1695 1061 1763 digitos
1084 1693 1537 1755 fermenteseens.
1614 1696 1880 1758 Lavatur,

274 1773 338 1819 ut
359 1782 597 1819 cerussa.
668 1765 995 1817 Adulter-ant
1014 1764 1224 1830 amylo,
1248 1770 1343 1815 aut
1364 1766 1626 1828 Cimolia,
1644 1765 1747 1817 sed
1770 1780 1881 1819 ma·

273 1838 388 1890 xim
398 1854 445 1900 e,
467 1837 562 1903 qui
584 1841 778 1902 captos
801 1849 977 1901 oryza
996 1839 1214 1883 tantum
1240 1839 1489 1899 pascunt.
1545 1834 1709 1887 Felle
1730 1839 1881 1885 inun-

278 1907 386 1958 ctis
411 1906 588 1958 oculis
611 1920 680 1956 ex
701 1901 866 1955 melle
899 1909 1097 1954 contra
1127 1901 1479 1965 suffusiones,
1520 1902 1664 1956 nihil
1688 1903 1881 1955 utilius

277 1974 618 2041 praedicant.
676 1972 962 2024 intestinis
983 1979 1041 2022 et
1065 1970 1281 2037 reliquo
1304 1986 1539 2039 corpore
1561 1976 1685 2025 eius
1708 1972 1884 2025 suffiri

279 2046 442 2095 vulva
463 2043 782 2095 laborantes
815 2040 1065 2091 salutare
1088 2040 1334 2091 tradunt.
1403 2041 1545 2092 Item
1580 2044 1885 2096 velleribus

281 2113 618 2164 circumdari
657 2124 861 2177 vapore
893 2110 1139 2162 eiusdem
1169 2107 1409 2162 infectis.
1482 2111 1637 2163 Corii
1680 2112 1886 2166 utrius·

163 2218 188 2236 .
283 2197 389 2251 que
420 2183 556 2233 cinis
591 2195 661 2232 ex
691 2186 852 2231 aceto
883 2179 1061 2230 illitus
1092 2176 1177 2228 his
1207 2179 1483 2244 partibus,
1528 2196 1671 2247 quas
1706 2196 1886 2233 secan

284 2265 424 2318 opus
445 2250 536 2313 sit,
557 2255 654 2299 aut
674 2248 835 2300 nidor
854 2247 1107 2308 cremati,
1140 2263 1359 2300 sensum
1384 2264 1602 2301 omnem
1630 2250 1886 2317 scalpelli

285 2319 489 2372 aufert.
560 2318 796 2383 Sanguis
817 2318 1109 2383 utriusque
1130 2316 1443 2370 claritatem
1466 2318 1621 2369 visus
1646 2321 1889 2371 inunctis

285 2387 456 2439 donat
482 2425 497 2452 ,
560 2395 619 2438 et
661 2387 952 2439 cicatrices
993 2386 1280 2438 oculorum
1325 2386 1600 2439 emendat.
1638 2434 1643 2439 .
1676 2390 1893 2455 Corpus

285 2452 485 2518 ipsum,
509 2463 742 2521 excepto
767 2456 946 2522 eapite
966 2454 1326 2522 pedibusque,
1370 2456 1577 2509 elixum
1599 2456 1895 2509 manditur

287 2520 623 2584 ischiadicis,
666 2526 970 2590 tussimque
1003 2530 1248 2575 veterem
1276 2531 1463 2587 sanat,
1504 2531 1809 2593 praecipue
1834 2526 1893 2576 in

287 2588 503 2652 pueris:
541 2592 676 2641 item
716 2593 1034 2646 lumborum
1081 2594 1321 2647 dolores.
1391 2595 1620 2648 Habent
1660 2602 1723 2649 et
1767 2595 1889 2647 adi·

288 2666 438 2719 pem,
461 2668 568 2720 quo
589 2664 776 2711 tactus
794 2661 940 2727 pilus
965 2661 1175 2715 defluit.
1247 2664 1361 2715 Hic
1384 2671 1686 2731 perunctos
1707 2678 1748 2718 a
1766 2678 1897 2719 cro·
