2033 3044
373 172 481 226 220
781 173 838 226 C.
885 171 1157 225 PLINII
1204 169 1569 225 sEcuNm

378 288 487 342 quo
507 273 792 327 medeatur
817 277 954 337 lilio,
993 277 1183 338 servis,
1222 273 1611 338 familiaribus,
1657 289 1822 344 quem
1862 290 1950 328 nos

377 358 476 411 per
511 360 716 413 genera
754 362 884 396 usus
929 347 1016 396 sui
1060 344 1376 414 digerimus.
1448 343 1574 396 Non
1608 360 1728 397 rem
1756 347 1949 412 antiqui

379 413 723 477 damnabant,
759 417 856 466 sed
883 422 1074 467 artem.
1144 414 1391 465 Maxime
1410 429 1543 466 vero
1569 423 1861 482 quaestum
1884 431 1951 466 cs·

379 499 440 534 se
463 484 684 534 immani
707 485 886 550 pretio
908 486 1071 548 vitae,
1114 483 1455 536 recusabant.
1526 483 1663 535 Ideo
1694 485 1948 551 templum

377 553 701 620 Aesculapii,
741 556 905 604 etiam
929 569 1050 604 cum
1071 554 1411 620 reciperetur
1428 553 1477 602 is
1500 551 1658 616 deus,
1701 560 1859 606 extra
1876 569 1950 603 ur·

379 623 504 675 bem
528 621 742 684 fecisse,
764 623 1073 690 iterumque
1096 623 1153 674 in
1174 621 1371 685 insula,
1393 621 1712 674 traduntur.
1751 625 1827 674 Et
1842 637 1945 673 cum

381 693 628 744 Graecos
649 692 814 744 ltalia
838 692 1122 758 pellerent,
1144 691 1235 742 diu
1256 698 1385 758 post
1406 693 1697 754 Catonem,
1724 692 1947 758 excepis-

381 779 440 813 se
466 761 726 813 medicos.
799 764 1025 830 Augebo
1050 761 1447 830 providentiam
1470 761 1722 813 illorum.
1778 761 1941 813 Solam

381 830 763 882 hanc-artium
804 830 1139 882 Graecarum
1182 831 1419 881 nondum
1463 835 1697 882 exercet
1716 831 1945 882 Romana

380 901 621 969 gravitas
642 899 698 950 in
729 906 888 951 tanto
920 899 1133 952 fructu:
1174 899 1487 965 paucissimi
1512 899 1816 962 Quiritium
1836 901 1944 951 atti·

380 985 530 1039 gere,
543 977 601 1022 et
621 971 722 1035 ipsi
747 969 934 1020 statim
957 971 1026 1020 ad
1050 970 1289 1020 Graecos
1310 969 1667 1038 transfugae:
1688 971 1851 1020 immo
1870 983 1941 1020 ve-

379 1055 442 1090 ro
485 1039 794 1090 auctoritas
830 1040 993 1103 aliter
1018 1053 1179 1107 quam
1204 1037 1412 1090 Graece
1432 1053 1557 1090 eam
1578 1040 1939 1100 tractantibuS,

382 1109 552 1178 etiam
581 1108 722 1176 apud
744 1109 1029 1175 imperitos
1068 1113 1425 1175 expertesque
1443 1107 1689 1176 linguae,
1730 1123 1835 1160 non
1854 1115 1937 1160 est.

377 1181 460 1230 Ac
479 1179 659 1228 minus
683 1179 928 1241 credunt,
971 1193 1111 1245 quae
1135 1177 1203 1228 ad
1222 1177 1459 1240 salutem
1488 1193 1645 1228 suam
1671 1179 1940 1245 pertinent,

381 1247 434 1297 si
457 1247 788 1313 intelligunt.
857 1248 1051 1314 ltaque
1092 1245 1311 1298 hercule
1348 1248 1404 1296 in
1443 1243 1551 1297 hac
1596 1251 1795 1299 artium
1831 1247 1939 1297 sola

381 1318 583 1376 evenit,
623 1322 687 1366 ut
729 1316 1031 1384 cuicunque
1070 1317 1340 1369 medicum
1382 1331 1444 1367 se
1484 1315 1738 1382 professo
1768 1317 1935 1368 statim

382 1385 660 1446 credatur,
695 1399 817 1434 cum
856 1386 930 1436 sit
956 1385 1254 1451 periculum
1283 1386 1339 1435 in
1361 1383 1513 1436 nullo
1537 1386 1821 1450 mendacio
1841 1399 1936 1436 ma·
1979 1441 1980 1444 Ἴ

377 1454 480 1504 ius.
553 1452 675 1504 Non
717 1459 902 1505 tamen
935 1455 1079 1506 illud
1116 1456 1417 1518 intuemur,
1458 1455 1602 1506 adeo
1634 1457 1835 1508 blanda
1862 1461 1933 1506 est
1979 1445 1980 1487 ¹

367 1521 628 1591 sperandi
671 1539 772 1591 pro
814 1540 874 1576 se
913 1528 1109 1593 cuique
1133 1526 1383 1577 dulcedo.
1453 1525 1627 1577 Nulla
1667 1534 1933 1595 praeterea

368 1594 477 1655 lex,
520 1607 659 1660 quae
687 1595 880 1661 puniat
909 1596 1209 1647 inscitiam:
1252 1594 1490 1662 capitale
1522 1595 1736 1647 nullum
1766 1610 1925 1647 exem·

371 1663 520 1731 plum
541 1664 834 1716 vindictae.
879 1664 1111 1715 Discunt
1128 1665 1387 1731 periculis
1410 1666 1638 1729 nostris,
1664 1674 1721 1718 et
1742 1664 1927 1731 experi-

371 1739 558 1786 menta
578 1748 676 1799 per
698 1738 905 1785 mortes
928 1741 1128 1801 agunt:
1170 1733 1492 1801 medicoque
1528 1741 1745 1787 tantum
1776 1734 1927 1785 homi-

373 1818 496 1856 nem
535 1803 803 1855 occidisse
839 1806 1137 1871 impunitas
1178 1818 1389 1855 summa
1420 1808 1523 1855 est.
1597 1804 1739 1865 Quin
1777 1805 1925 1853 immo

371 1873 575 1925 transit
596 1873 916 1935 convicium,
933 1880 990 1925 et
1011 1873 1751 1939 intemperantia'culpatur:
1772 1873 1927 1923 ultro·

371 1957 474 2010 que
493 1942 587 2009 qui
607 1942 818 2010 periere
840 1949 1161 2009 arguuntur.
1232 1941 1341 1994 Sed
1371 1941 1630 1995 decuriae
1674 1958 1767 2011 pro
1786 1954 1925 1992 more

371 2014 616 2063 censuris
645 2012 952 2078 principum
975 2012 1388 2063 examinantur:
1430 2013 1720 2079 inquisitio
1742 2026 1831 2078 per
1848 2024 1927 2077 pa-

369 2083 541 2133 rietes
580 2084 788 2149 agitur:
827 2088 884 2132 et
913 2081 1005 2148 qui
1050 2082 1117 2133 de
1138 2095 1357 2131 nummo
1378 2080 1607 2145 iudicet,
1652 2097 1686 2133 a
1706 2081 1927 2133 Gadibus

367 2150 638 2203 columnis
677 2166 746 2202 ue
785 2150 1045 2202 Herculis
1087 2150 1417 2202 accersitur:
1476 2150 1547 2201 de
1582 2152 1781 2203 exsilio
1816 2162 1926 2201 vero

367 2234 479 2272 non
503 2220 613 2270 nisi
687 2223 737 2271 ie
759 2218 915 2270 XLV
937 2220 1131 2271 electis
1152 2219 1289 2270 viris
1310 2220 1475 2270 datur
1494 2219 1723 2272 tabella.
1788 2222 1854 2273 At
1871 2218 1925 2269 de
1973 2232 1974 2248 ¹

365 2289 551 2341 iudice
569 2290 693 2354 ipso
720 2288 910 2355 quales
940 2291 994 2340 in
1022 2289 1315 2340 consilium
1338 2294 1487 2350 eunt,
1523 2289 1715 2340 statim
1742 2290 1927 2341 occisu-

365 2358 454 2409 riss
489 2357 710 2418 Merito,
755 2357 883 2408 dum
915 2359 1122 2410 nemini
1160 2365 1409 2409 nostrum
1441 2358 1582 2410 libet
1622 2362 1779 2421 scire,
1816 2354 1927 2425 quid

363 2426 532 2475 saluti
569 2440 702 2477 suae
737 2441 871 2492 opus
913 2427 1006 2479 sit.
1077 2427 1285 2479 Alienis
1321 2426 1549 2494 pedibus
1575 2428 1925 2479 ambulamust
1971 2438 1972 2500 χ

365 2492 562 2545 alienis
607 2496 779 2546 oculis
821 2496 1195 2562 agnoscimus:
1238 2497 1420 2548 aliena
1462 2500 1727 2548 memoria
1744 2496 1923 2547 salute·

362 2572 522 2607 mus=
565 2563 750 2614 aliena
792 2564 1025 2616 vivimus
1068 2580 1255 2631 opera.
1325 2566 1723 2633 perieruntque
1759 2578 1921 2617 remu

359 2629 588 2677 naturae
608 2632 803 2692 pretia,
827 2638 885 2682 et
905 2633 1052 2684 vivae
1074 2641 1417 2700 argumenta.
1490 2633 1646 2687 Nihil
1668 2634 1821 2687 aliud
1838 2646 1919 2703 pro
1969 2646 1970 2649 ’

359 2696 552 2743 ¹nostro
571 2691 853 2759 habemus,
874 2714 1035 2766 quam
1058 2703 1321 2771 delicias„
1586 2744 1593 2753 .
1968 2658 1971 2755 l
