2033 3044
366 185 670 238 NATUR.
724 185 945 240 lllsT.
986 185 1144 238 LlB.
1167 187 1339 241 XXX.
1363 185 1554 243 1920..
1633 187 1739 244 203

152 291 287 344 ciet.
359 287 685 341 Membrana
704 289 1031 358 gallinarum
1051 295 1205 342 tosta
1223 295 1282 342 ct
1303 290 1432 342 data
1451 291 1506 341 in
1529 291 1652 345 oleo
1674 307 1741 344 ac

150 359 293 422 sale,
318 357 691 408 coeliacorum
714 359 933 410 dolores
956 360 1179 412 mulcet.
1248 359 1524 411 Abstineri
1556 366 1740 413 autem

151 443 186 479 a
202 425 473 496 frugibus
495 433 621 478 ante
644 432 701 480 et
722 427 983 498 gallinam
1008 436 1062 479 et
1083 427 1359 480 hominem
1379 432 1614 494 oportet.
1651 429 1742 482 Fi-

150 512 307 550 mum
336 496 707 548 columbinum
729 503 930 549 tostum
955 503 1270 566 potumque.
1341 497 1482 549 Caro
1501 499 1745 564 palumbi

150 567 208 618 in
238 571 410 616 aceto
446 566 673 616 decocta
702 565 1066 634 dysentericis
1097 566 1445 620 et'coeliacis
1479 567 1743 620 medetur.

152 633 389 690 Turdus
430 635 709 686 inassatus
750 650 869 685 cum
910 635 1079 702 myrti
1121 635 1305 687 baccis
1351 635 1746 704 dysentericisz

154 705 301 758 item
322 703 588 755 merulae.
660 703 796 768 Mel,
835 706 893 755 in
932 711 1040 771 quo·
1081 705 1198 757 sint
1236 705 1568 759 immortuae
1597 719 1746 772 apes,

156 775 472 826 decoctum.

226 840 358 893 XX.
398 839 794 892 Gravissimum
824 841 1015 892 vitium
1038 841 1182 894 ileos
1203 843 1532 910 appellatur.
1601 843 1750 895 Huic
1819 903 1823 912 ¹

159 910 357 964 resisti
379 912 534 961 aiunt
556 909 817 976 discerpti
836 911 1245 978 vespertilionis
1265 916 1557 982 sanguinet
1581 912 1750 964 etiam

158 980 316 1034 illito
354 984 549 1032 ventre
588 979 884 1030 subveniri.
956 979 1116 1032 Sistit
1153 980 1334 1033 alvum
1379 981 1613 1048 primum
1657 995 1750 1032 co·

161 1048 351 1112 chlea,
374 1049 517 1099 sicut
531 1048 763 1099 diximus
784 1048 837 1098 in
862 1049 1196 1115 suspiriosis,
1222 1055 1540 1118 temperata.
1608 1050 1749 1102 Item

161 1119 307 1171 cinis
328 1132 516 1171 earum
541 1132 680 1184 quae
702 1118 858 1168 vivae
879 1124 1153 1170 crematae
1176 1121 1308 1184 sint,
1342 1127 1507 1186 potus
1531 1133 1600 1172 ex
1619 1119 1748 1170 vino

161 1193 413 1240 austero.
484 1186 927 1238 Gallinaceorum
952 1189 1104 1240 iecur
1121 1203 1322 1252 assum,
1360 1195 1456 1240 aut
1476 1189 1751 1240 ventricu-

160 1258 208 1310 li
228 1257 567 1316 membrana,
590 1269 729 1324 quae
752 1255 911 1307 abiici
935 1258 1098 1320 solet,
1139 1259 1465 1321 inveterata,
1498 1256 1748 1310 admixto

162 1327 462 1449 1¹:333ss
492 1326 1745 1464 :saffira&2¹²35”1125¹.20222¹2212¹5212²52221·

407 1431 421 1446 ο
888 1432 903 1458 ’
1725 1421 1749 1435 ·

165 1467 337 1518 tritus
356 1475 428 1515 ex
447 1463 574 1515 vino
597 1465 775 1533 nigro.
846 1466 980 1516 ltem
1005 1465 1294 1531 palumbus
1316 1466 1483 1530 ferus,
1527 1480 1557 1517 e
1580 1479 1748 1533 posca

169 1536 450 1588 decoctus.
513 1532 655 1587 Lien
678 1534 902 1601 pecudis
924 1540 1124 1595 tostus,
1147 1540 1204 1586 et
1218 1535 1274 1585 in
1294 1539 1419 1587 vino
1439 1535 1620 1587 tritus.
1655 1535 1747 1587 Fi·

168 1618 320 1657 num
346 1602 717 1669 colussbinum
742 1618 864 1655 cum
884 1602 1050 1653 melle
1065 1602 1286 1655 illitum.
1324 1604 1601 1669 ossifragi
1618 1620 1748 1656 ven·

169 1681 259 1727 ter
278 1671 560 1725 arefactus
578 1678 637 1724 et
662 1679 848 1740 potus,
886 1672 955 1723 iis
985 1671 1082 1738 qui
1105 1672 1258 1722 cibos
1289 1686 1400 1723 non
1437 1672 1748 1736 conficiunt,

168 1742 513 1807 utilissimus,
532 1744 621 1795 vel
640 1745 685 1793 si
706 1756 871 1792 manu
891 1746 1106 1792 tantum
1126 1744 1356 1792 teneant
1376 1742 1656 1807 capientes
1679 1742 1750 1791 ci-

168 1812 319 1863 bum.
390 1810 625 1875 Quidam
652 1810 957 1877 adalligant
988 1823 1057 1861 ex
1091 1807 1197 1861 bac
1216 1822 1382 1861 causa
1399 1846 1416 1873 ,
1453 1809 1550 1885 sed
1574 1810 1748 1861 conti-

171 1894 347 1933 nuare
382 1893 491 1931 uon
530 1880 757 1932 debent:
802 1878 1033 1931 maciem
1073 1878 1216 1932 enim
1260 1878 1414 1931 facit.
1491 1876 1654 1949 Sistit
1690 1884 1750 1931 et

172 1955 398 2003 anatum
438 1948 803 2001 mascularum
826 1949 1067 2017 sanguis.
1137 1947 1482 2001 lniiationem
1522 1945 1748 1999 discutit

168 2016 522 2071 cochlearum
546 2019 714 2070 cibus.
784 2020 1052 2069 Tormina
1077 2018 1190 2071 lien
1222 2016 1408 2070 ovium
1426 2020 1624 2078 tostus,
1668 2022 1750 2067 at-

172 2102 278 2156 que
300 2090 477 2140 evino
498 2094 685 2154 potus:
706 2087 995 2155 palumbus
1014 2086 1170 2139 ferus
1190 2102 1256 2140 ex
1277 2101 1449 2154 posca
1465 2084 1746 2138 decoctum

170 2156 380 2225 apodes
411 2171 478 2209 ex
500 2156 657 2208 vinos
704 2156 847 2209 cinis
885 2157 1051 2209 ibidis
1091 2158 1208 2210 sine
1247 2156 1438 2224 pennis
1470 2162 1748 2207 crematae

170 2232 356 2297 potus.
430 2225 591 2289 Quod
611 2232 897 2293 praeterea
914 2226 1232 2291 traditursin
1250 2226 1611 2283 torminibus,
1651 2222 1750 2275 mi-

168 2310 293 2349 rum
338 2300 450 2347 estz
488 2302 651 2347 anate
692 2297 947 2363 apposita
986 2296 1164 2347 ventri
1203 2296 1442 2348 transire
1477 2293 1749 2357 morbum,

174 2370 506 2431 anatemque
538 2364 732 2417 emori.
801 2364 1066 2415 Tormina
1093 2371 1152 2417 et
1179 2365 1344 2418 melle
1367 2368 1650 2427 curantur,
1689 2365 1750 2415 iu

172 2446 283 2503 quo
303 2446 433 2485 sunt
454 2448 587 2501 apes
607 2434 954 2495 immortuus,
990 2432 1235 2485 decocto.
1311 2434 1432 2485 Coli
1449 2432 1646 2484 vitium
1669 2431 1750 2485 ef-

174 2504 501 2556 ficacissime
524 2510 753 2555 sanatur
783 2517 883 2554 ave
904 2500 1140 2569 galerita
1173 2516 1298 2553 assa
1318 2503 1377 2554 in
1403 2504 1526 2555 cibo
1548 2508 1747 2555 sumta.

174 2572 415 2637 Quidam
437 2576 492 2623 in
514 2587 647 2623 vase
666 2584 806 2623 novo
832 2585 951 2623 cum
981 2569 1178 2635 plumis
1199 2573 1352 2622 exuri
1372 2570 1584 2634 iubent,
1623 2586 1750 2623 con-

176 2642 395 2709 terique
431 2640 488 2692 in
532 2643 789 2701 cinerem,
826 2639 1054 2707 hibique
1094 2651 1161 2689 ex
1199 2652 1345 2705 aqua-
1377 2639 1751 2691 cochlearibus

177 2712 359 2765 ternis
378 2724 477 2779 per
508 2710 885 2778 quatriduum:
928 2706 1152 2777 quidam
1182 2720 1280 2759 cor
1309 2707 1428 2760 eius
1457 2706 1751 2773 adalligari
