2033 3044
302 156 370 207 14
699 154 758 205 C.
793 151 1074 205 PLINII
1110 150 1497 204 SEcuNm

303 257 398 317 cti,
423 255 605 307 alvum
647 256 888 306 solvunt.
959 254 1253 305 Resistunt
1295 253 1436 305 solia
1474 258 1533 305 et
1574 254 1966 321 serpentium
2027 316 2028 321 Ἰ

301 326 504 377 ictibus
534 326 592 375 in
629 324 754 374 vino
793 330 944 389 pota.
1018 322 1347 389 Podagricis
1380 338 1503 373 cum
1536 337 1679 373 sevo
1717 323 1965 376 hin-cine

304 392 664 446 vehementer
705 398 940 459 prosunt
985 392 1247 441 cauliculi
1283 391 1439 442 illiti.
1531 392 1861 461 iidemque
1902 396 1964 446 in
2027 394 2028 407 ¹

303 477 449 529 aqua
475 468 841 521 macerantur,
865 467 926 511 ut
946 473 1012 511 ea
1030 474 1224 524 sparsa
1246 461 1457 525 pulices
1478 466 1789 513 necentur.
1834 464 1954 515 Fo-

301 532 506 583 liorum
530 532 758 583 decocto
779 532 826 581 si
849 531 1004 581 locus
1026 537 1343 596 spargatur,
1376 544 1601 580 muscae
1627 539 1941 583 necantur

301 600 426 652 Boa
445 600 764 667 appellatur
783 599 1006 649 morbus
1028 600 1384 663 papularum,
1423 612 1546 649 cum
1567 598 1953 653 rubentcor-

303 683 471 735 pora:
523 668 773 719 sambuci
813 682 966 719 ramo
1006 667 1354 718 verberatur.
1429 666 1642 718 Cortex
1685 668 1957 721 interior
2027 726 2028 729 Ἴ

301 738 488 799 tritus,
509 752 578 789 ex
602 738 729 787 vino
751 736 880 787 albo
901 742 1087 803 potus,
1110 736 1297 787 alvum
1318 734 1509 785 solvit.

371 808 626 859 XXXVl.
667 806 949 870 luniperus
972 806 1063 855 vel
1084 810 1213 856 ante
1236 810 1425 856 cetera
1446 803 1639 855 omnia
1662 806 1954 859 excalfa-

305 875 398 937 cit,
421 881 700 935 extenuat,
743 873 910 925 cedro
945 873 1229 925 assimilis.
1301 874 1377 925 Et
1398 872 1518 923 eius
1540 872 1655 923 duo
1684 888 1950 939 genera·
2026 900 2028 935 ς

305 943 483 995 altera
513 944 724 1005 maior,
765 944 950 995 altera
981 943 1177 993 minor.
1250 941 1507 1009 Utraque
1528 956 1781 995 accensa
1810 960 1950 997 ser-
2027 938 2028 957 ³

305 1018 499 1078 pentes
541 1010 722 1078 fugat.
794 1011 994 1063 Semen
1036 1009 1330 1071 stomachi,
1374 1012 1639 1076 pectoris,
1687 1012 1946 1065 laeteris
2027 1048 2028 1069 ἢ

305 1080 594 1133 doloribus
633 1081 790 1132 utile.
896 1080 1223 1131 Inflationes
1266 1080 1599 1145 algoresque
1642 1080 1943 1136 discutit:

302 1156 482 1201 tusses
505 1152 802 1215 concoquit
823 1156 880 1200 et
903 1148 1161 1199 duritias.
1234 1149 1439 1199 illitum
1455 1154 1710 1200 tumores
1734 1152 1911 1203 sistit
1927 1169 1943 1202 τ

301 1219 438 1270 item
463 1218 668 1279 alvum,
691 1220 874 1269 baccis
899 1232 966 1269 ex
988 1218 1116 1267 vino
1140 1218 1299 1284 nigro
1320 1218 1499 1283 potis:
1539 1217 1679 1268 item
1704 1224 1941 1271 ventris
2027 1244 2028 1261 ι

304 1293 550 1339 tumores
612 1287 794 1337 illim.
867 1287 1145 1337 Miscetur
1195 1294 1252 1337 et
1302 1285 1569 1337 antidotis
1622 1290 1943 1355 oxyporis.
2027 1282 2028 1319 ἦ

305 1355 506 1406 Urinas
529 1357 657 1405 ciet.
725 1355 970 1407 lllinitur
991 1361 1048 1405 et
1070 1355 1247 1406 oculis
1270 1356 1327 1405 in
1354 1352 1653 1420 epiphoris.
1738 1359 1941 1411 Datur
2027 1366 2028 1389 ³

307 1424 606 1486 convulsis,
627 1424 824 1488 ruptis,
849 1424 1197 1485 torminibus,
1219 1424 1417 1485 vulvis,
1439 1420 1767 1477 ischiadicis
1796 1443 1936 1479 cum
2027 1484 2028 1487 Ἴ

308 1492 433 1543 vino
466 1492 594 1544 albo
630 1500 818 1558 potum
853 1492 1043 1558 pilulis
1076 1492 1381 1558 quaternis,
1426 1496 1525 1545 aut
1554 1493 1813 1546 decoctis
1842 1498 1936 1547 vi·-

305 1561 452 1630 ginti
473 1562 530 1612 in
553 1563 696 1612 vino.
769 1562 909 1613 Sunt
931 1563 1025 1626 qui
1064 1570 1119 1612 et
1142 1568 1452 1628 perungant
1468 1575 1676 1628 eorpus
1703 1579 1737 1616 e
1758 1567 1936 1616 semi-

308 1647 376 1683 ne
398 1631 518 1681 eius
541 1632 598 1680 in
627 1631 968 1694 serpentium
996 1636 1163 1680 metu.

376 1697 658 1751 xxxvu.
698 1698 894 1750 Salicis
916 1698 1133 1750 fructus
1155 1705 1283 1758 ante
1307 1699 1695 1750 maturitatem
1716 1699 1778 1749 in
1803 1714 1935 1751 ara·
2027 1707 2028 1760 ζ

309 1783 470 1820 neam
497 1768 638 1820 abit:
677 1768 775 1818 sed
809 1769 857 1818 si
891 1769 1043 1834 prius
1078 1769 1393 1834 colligatur,
1436 1770 1771 1834 sanguinem
1798 1769 1931 1820 reii-
2027 1775 2028 1810 ἐ

311 1837 582 1890 cientibus
624 1837 872 1902 prodest.
964 1833 1201 1887 Corticis
1244 1853 1273 1888 e
1318 1836 1484 1887 ramis
1524 1836 1721 1904 primis
1760 1839 1933 1898 cinis,

312 1908 529 1959 clavum
556 1914 613 1959 et
635 1907 838 1958 callum
868 1921 1014 1971 aqua
1045 1907 1223 1956 mixta
1254 1911 1431 1956 sanat.
1505 1905 1658 1954 Vitia
1679 1907 1827 1956 cutis
1861 1906 1925 1958 in
2026 1905 2028 1916 ⁴

311 1974 454 2028 facie
499 1975 774 2036 emendat,
813 1976 992 2041 magis
1024 1974 1273 2025 admixto
1305 1988 1471 2025 succo
1499 1988 1619 2024 suo.
1696 1973 1803 2024 Est
1825 1989 1927 2024 au·
2026 1981 2028 2042 j

310 2050 426 2096 tem
450 2043 540 2095 hic
567 2043 734 2095 trium
774 2057 1056 2108 generum.
1128 2043 1305 2093 Unum
1338 2046 1503 2096 arbor
1534 2043 1659 2108 ipsa
1681 2042 1928 2096 exsudat
2027 2045 2028 2052 ³

311 2114 611 2180 gummium
637 2112 820 2163 modo.
893 2112 1141 2162 Alterum
1166 2117 1353 2162 manat
1377 2113 1431 2162 in
1456 2111 1637 2178 plaga,
1662 2126 1785 2161 cum
1810 2113 1921 2163 flo-

306 2188 423 2244 ret,
467 2181 654 2234 exciso
695 2181 906 2232 cortice
945 2181 1116 2232 trium
1158 2181 1460 2246 digitorum
1513 2180 1921 2246 magnitudine.

309 2251 422 2302 Hic
451 2252 519 2302 ad
553 2249 933 2318 expurganda,
973 2265 1116 2316 quae
1154 2252 1382 2301 obstent
1426 2250 1628 2300 oculis:
1666 2251 1804 2302 item
1844 2250 1923 2300 ad

307 2319 600 2384 spissanda
621 2334 760 2385 quae
782 2334 918 2385 opus
937 2325 1083 2382 sunt,
1108 2319 1467 2384 ciendamque
1489 2319 1724 2379 urinam,
1762 2325 1823 2370 et
1841 2319 1921 2370 ad

310 2401 498 2439 omnes
522 2388 878 2440 collectiones
910 2389 1063 2439 intus
1086 2387 1469 2438 extrahendas.
1540 2389 1768 2438 Tertius
1789 2403 1917 2440 suc-

312 2469 406 2506 cus
427 2463 512 2506 est
534 2457 950 2510 detruncatione
970 2472 1250 2507 ramorum
1272 2471 1306 2507 a
1325 2455 1472 2512 falce
1493 2455 1792 2509 distillans.
1832 2459 1917 2508 Ex

307 2521 396 2572 his
421 2537 552 2588 ergo
575 2527 778 2593 aliquis
803 2543 926 2577 cum
956 2539 1189 2577 rosaceo
1224 2526 1281 2576 in
1312 2526 1507 2592 calyce
1526 2524 1721 2576 Punici
1739 2523 1915 2577 calsa-

309 2596 434 2640 ctus·
451 2592 679 2643 auribus
702 2594 1043 2648 infunditur:
1070 2595 1170 2645 'vel
1190 2592 1329 2645 folia
1348 2601 1525 2656 cocta,
1548 2599 1607 2644 et
1630 2609 1755 2644 cum
1784 2608 1917 2646 cera

309 2655 442 2710 trita
473 2658 866 2726 imponuntur:
901 2665 1041 2716 item
1084 2664 1421 2733 podagricis.
1494 2665 1717 2716 Cortice
1740 2669 1798 2717 et
1830 2663 1915 2716 fo-
