2033 3044
235 162 305 214 86
422 159 506 170 ''
635 157 1442 212 e.PLrN11-SEanD1

238 261 457 330 sagacis
475 261 718 330 ingenii,
757 259 863 313 huc
883 277 943 314 se
967 267 1202 330 repente*
1214 262 1491 313 convertit
1560 267 1728 330 atque
1748 269 1835 331 (ut

239 346 467 384 necesse
489 339 614 384 erat
635 331 863 393 homini,
887 333 982 398 qui
1006 347 1109 382 nec
1131 330 1186 381 id
1211 332 1564 400 egissem-nec
1584 334 1837 386 remedia

239 406 448 463 nosset,
495 401 673 453 oculis
693 415 902 469 usuque
927 401 1301 468 percipienda)
1315 404 1556 452 torrenti
1582 417 1647 452 ac
1666 402 1838 454 medi·

240 477 362 522 tata
390 471 636 538 quotidie
673 471 928 522 oratione
970 470 1259 521 blandiens
1302 473 1489 520 omnia
1526 471 1836 524 abdicavit:

242 548 528 608 totamque
549 540 878 610 medicinam
910 538 980 590 ad
1015 533 1237 590 causam
1267 539 1611 603 revocando,
1656 545 1840 594 conie-

245 616 434 661 cturae
457 609 616 660 fecit:
650 610 888 676 quinque
909 625 999 662 res
1024 609 1263 660 maxime
1286 606 1655 678 communium
1681 612 1839 664 auxi-

243 679 448 731 liorum
469 677 771 745 professus,
792 677 1185 731 abstinentiam
1208 678 1335 739 cibi,
1350 678 1491 728 alias
1510 679 1650 743 vini,
1674 679 1843 732 frica·

245 749 456 800 tionem
479 749 747 814 corporis,
789 749 1243 810 ambulationem,
1283 749 1656 814 gestationes:
1704 765 1841 818 quae

247 833 371 870 cum
403 820 777 884 unusquisque
817 818 1170 884 semetipsum
1202 816 1309 868 sibi
1347 824 1637 886 praestare
1680 835 1843 888 posse

245 888 608 956 intelligeret,
652 886 968 938 faventibus
994 889 1223 948 cunctis,
1248 892 1310 936 ut
1331 894 1519 956 essent
1540 903 1675 941 vera
1701 905 1843 957 quae

208 993 216 1002 .
245 956 522 1008 facillima
547 959 732 1019 erant,
772 959 1089 1009 universum
1122 969 1297 1023 prope
1330 954 1633 1008 humanum
1666 975 1845 1027 genus

249 1027 571 1094 circumegit
591 1026 647 1077 in
671 1042 750 1089 se,
769 1042 877 1077 non
899 1025 1014 1077 alio
1036 1026 1224 1088 modo,
1246 1040 1405 1092 quam
1431 1027 1478 1077 si
1503 1029 1657 1079 eaelo
1684 1031 1843 1081 emis·

247 1112 341 1147 sus
361 1097 684 1146 advenisset.
773 1131 780 1138 -

316 1164 465 1217 vlu.
504 1165 788 1216 'l'rahebat
807 1171 1098 1231 praeterea
1116 1169 1329 1216 mentes
1350 1165 1591 1215 artifieio
1612 1167 1843 1220 mirabi-

246 1235 308 1296 li,
330 1237 514 1284 vinum
542 1235 914 1300 promittendo
937 1236 1137 1300 aegris,
1179 1233 1467 1300 dandoque
1491 1237 1845 1301 tempestive,

245 1309 364 1354 tum
389 1301 652 1370 frigidam
677 1318 891 1370 aquam.
920 1304 993 1354 Et
1016 1305 1279 1370 quoniam
1304 1317 1497 1354 causas
1522 1305 1843 1357 morborum

247 1353 492 1425 scruta'ri·
508 1374 658 1437 prior
681 1370 1023 1438 Herophilus
1047 1376 1395 1434 instituerat,
1434 1374 1551 1424 vini
1568 1375 1846 1429 rationem

245 1442 632 1493 illustraverat
653 1440 1028 1510 Cleophantus
1052 1443 1195 1509 apud
1229 1445 1457 1510 priscos,
1490 1446 1615 1509 ipse
1640 1459 1847 1514 cogno-

247 1510 449 1565 minari
471 1527 530 1563 se
551 1511 760 1580 frigida
781 1511 960 1563 danda
985 1513 1319 1579 praeferens,
1355 1521 1413 1563 ut
1436 1520 1747 1568 auctorest
1769 1515 1845 1568 Μ.

249 1582 446 1643 Varro,
487 1582 604 1633 alia
645 1597 858 1650 quoque
896 1583 1273 1635 blandimenta
1308 1584 1691 1651 excogitabat,
1736 1586 1843 1637 iam

249 1649 636 1717 suspendendo
680 1652 932 1714 lectulos,
975 1668 1204 1719 quorum
1246 1655 1473 1704 iactatu·
1490 1660 1587 1704 aut
1618 1656 1845 1707 morbos

250 1728 596 1785 extenuaret,
639 1727 735 1773 aut
757 1737 978 1774 somnos
1003 1722 1275 1774 alliceret:
1322 1724 1433 1776 iam
1456 1724 1712 1777 balineas
1739 1728 1848 1777 avi·

251 1792 480 1843 (lissima
498 1792 778 1845 hominum
807 1790 1062 1859 cupidine
1080 1792 1449 1861 instituendo,
1490 1798 1547 1844 et
1567 1794 1685 1845 alia
1710 1797 1848 1848 mul-

248 1871 311 1914 ta
340 1862 491 1913 dictu
519 1870 682 1929 grata
717 1870 886 1931 atque
925 1863 1203 1914 iucunda:
1247 1876 1446 1929 magna
1474 1866 1846 1929 auctoritate:

248 1948 351 1984 nec
374 1932 586 1985 minore
610 1932 776 1995 fama,
802 1946 920 1983 cum
947 1933 1278 1983 occurrisset
1301 1935 1495 1999 ignoto
1517 1930 1729 2001 funeri,
1770 1952 1850 1989 re·

247 2003 368 2054 lato
391 2000 610 2053 homine
633 2002 700 2052 ab
727 2017 880 2069 rog0,
903 2007 1069 2069 atque
1102 2008 1352 2053 servato:
1394 2018 1459 2053 ne
1482 2003 1605 2068 quis
1630 2003 1848 2058 levibus

248 2073 547 2123 momentis
586 2078 798 2122 tantam
843 2071 1256 2124 conversionem
1296 2070 1504 2122 factam
1539 2073 1849 2129 existimet.

249 2142 312 2193 ld
335 2142 512 2192 solum
553 2156 842 2208 possumus
884 2140 1180 2208 indignari,
1220 2157 1387 2193 unum
1412 2140 1691 2195 hominem
1718 2162 1750 2198 e
1773 2146 1850 2197 le-

250 2212 482 2262 vissima
503 2217 684 2278 gente,
701 2211 817 2261 sine
839 2212 1039 2277 opibus
1060 2210 1192 2262 ullis
1216 2224 1420 2273 orsum,
1440 2212 1743 2279 vectigalis
1764 2216 1852 2267 sui

251 2296 436 2343 causa,
477 2287 701 2346 repente
722 2282 874 2347 leges
893 2281 1094 2332 salutis
1119 2279 1369 2331 humano·
1380 2276 1574 2348 generi
1603 2284 1851 2349 dedisse,

252 2364 388 2415 quas
412 2358 596 2402 tamen
626 2357 820 2418 postea
856 2351 1193 2417 abrogavere
1214 2351 1389 2402 multi.
1432 2360 1437 2367 ·
1461 2352 1848 2419 Asclepiadem

249 2418 513 2470 adiuvere
535 2420 734 2482 multa,
771 2420 827 2470 in
869 2420 1216 2487 antiquorum
1249 2434 1383 2472 cura
1418 2423 1581 2472 nimis
1603 2427 1777 2476 anxia
1798 2432 1855 2477 et

250 2486 428 2546 rudia,
473 2494 536 2537 ut
574 2490 840 2540 obruendi
881 2503 1082 2558 aegros
1115 2496 1286 2552 veste,
1310 2490 1671 2559 sudoresque
1697 2496 1853 2546 omni

249 2551 418 2604 modo
443 2556 648 2606 ciendi:
675 2572 817 2609 nune
839 2552 1073 2627 corpffra
1094 2558 1160 2609 ad
1184 2561 1338 2625 ignes
1354 2562 1643 2623 torrendi,
1680 2564 1857 2616 soles-

250 2636 318 2673 ve
341 2622 562 2671 assiduo
587 2627 904 2691 quaerendi,
947 2632 1000 2679 in
1026 2630 1162 2681 urbe
1200 2630 1471 2691 nimbosa,
1516 2630 1689 2681 immo
1714 2646 1851 2685 vero

252 2694 376 2739 tota
397 2688 558 2739 ltalia
578 2692 958 2758 imperatrice:
982 2705 1097 2749 tum
1125 2701 1359 2765 primum
1372 2697 1852 2765 pensili‘balinea-
