2033 3044
289 175 356 230 12
674 178 733 231 C.
768 174 1058 231 PLlNll
1122 174 1495 231 SECUNDI

291 276 517 330 dentur:
577 281 710 331 item
753 281 1047 332 ambustis.
1122 278 1309 333 Tusae
1348 286 1533 332 autem
1578 293 1709 333 cum
1756 288 1957 337 aceto

289 348 435 408 acri,
476 350 764 417 magisque
793 351 1020 411 scillite,
1064 350 1391 415 sanguinem
1428 364 1647 401 omnem
1687 352 1951 406 sistunt.

290 416 360 467 Et
383 416 725 485 lentiginem,
751 426 808 471 et
832 421 1226 481 carcinomata,
1268 419 1647 487 melaniasque
1674 428 1954 489 veteres,

291 485 486 539 addito
513 488 680 540 melle
719 488 1034 541 emendant.
1088 488 1267 540 'Folia
1299 495 1357 541 et
1378 495 1573 541 cortex
1610 486 1952 545 illinuntur

291 556 718 609 collectionibus
753 564 810 610 et
847 558 1361 626 suppurationibus,
1402 565 1459 611 et
1486 558 1800 613 decoctum
1846 576 1949 615 eo·

291 638 430 677 rum.
503 628 748 679 corticis
773 634 958 680 autem
993 632 1049 679 in
1088 634 1270 692 aceto,
1316 628 1569 680 dentium
1596 630 1943 685 remedium

293 702 410 749 est:
449 696 713 749 foliorum
738 698 1041 749 tenerrima
1060 698 1117 747 in
1136 699 1265 748 vino
1288 698 1419 749 albo
1439 697 1693 760 decocta,
1721 702 1943 753 oculo-

290 780 433 818 rum.
505 766 738 834 Lanugo
761 768 1045 827 foliorum,
1070 772 1128 819 et
1151 768 1377 818 auribus
1402 773 1457 819 et
1474 768 1655 819 oculis
1679 768 1923 823 inutilis

292 836 444 888 Oinis
463 836 759 903 pilularum
786 843 948 889 sanat
971 839 1227 888 ambusta
1249 838 1366 905 igni
1388 838 1476 889 vel
1496 836 1739 905 frigore.
1790 840 1943 893 Cor-

290 913 384 958 tex
408 920 438 956 e
459 905 585 956 vino
609 908 966 974 scorpionum
997 906 1143 959 ictus
1166 908 1487 975 restinguit.

361 975 535 1027 XXX.
573 975 853 1028 Fraxinus
878 992 1043 1043 quam
1069 979 1180 1027 vim
1207 979 1473 1028 adversus
1495 980 1799 1042 serpentes
1825 976 1935 1031 ha·

288 1046 466 1108 beret,
512 1046 898 1099 indicavimus.
971 1044 1171 1099 Semen
1218 1044 1377 1098 foliis
1417 1046 1537 1099 eius
1581 1046 1756 1112 inest,
1811 1064 1936 1117 quo

290 1116 584 1169 medentur
627 1117 889 1168 iocineris
952 1121 1009 1166 et
1068 1115 1265 1167 lateris
1314 1116 1599 1167 doloribus
1640 1117 1699 1166 in
1742 1118 1934 1169 vino·

291 1198 494 1250 aquam
520 1198 660 1252 quae
701 1186 855 1237 subit
896 1192 1103 1247 cutem,
1150 1184 1470 1237 extrahunt.
1543 1185 1763 1251 Corpus
1790 1186 1939 1239 obe·

289 1266 411 1304 sum
439 1254 626 1305 levant
651 1270 835 1318 onere,
855 1255 1060 1307 sensim
1088 1254 1158 1305 ad
1183 1256 1415 1306 maciem
1435 1254 1797 1319 reducentes,
1823 1256 1935 1309 iis-

291 1324 414 1374 dem
440 1323 592 1375 foliis
617 1340 733 1374 cum
760 1326 886 1375 vino
916 1325 1071 1375 tritis
1105 1324 1173 1374 ad
1208 1326 1407 1375 virium
1442 1326 1794 1392 portionem:
1837 1328 1936 1379 ita

291 1399 356 1443 ut
379 1406 552 1459 puero
579 1395 820 1463 quinque
843 1392 985 1444 folia
1014 1394 1195 1445 tribus
1217 1394 1435 1462 cyathis
1460 1394 1773 1458 diluantur,
1828 1410 1933 1451 ro-

291 1462 638 1515 bustioribus
671 1470 882 1530 septem
920 1462 1079 1525 folia,
1122 1464 1305 1531 quinis
1329 1463 1549 1533 cyathis
1575 1462 1705 1513 vini.
1783 1464 1926 1518 Non

293 1533 681 1594 omittendum,
725 1539 980 1586 ramenta
1019 1535 1141 1586 eius
1180 1540 1237 1587 et
1267 1538 1489 1588 scobem
1514 1550 1549 1587 a
1570 1533 1923 1602 quibusdam

293 1602 541 1654 cavenda
563 1603 828 1670 praedici.

361 1667 561 1722 XXXl.
598 1674 784 1723 Aceris
811 1671 970 1724 radix
994 1677 1231 1727 contusa
1262 1692 1291 1728 e
1313 1675 1439 1726 vino
1464 1673 1731 1725 iocineris
1756 1673 1926 1727 dolo·

293 1739 446 1792 ribus
469 1735 852 1795 efficacissime
879 1743 1202 1810 imponitur.

361 1811 588 1864 xxxn.
629 1813 829 1880 Populi
865 1813 1025 1866 albae
1066 1828 1295 1864 uvarum
1334 1815 1385 1862 in
1418 1812 1722 1878 unguentis
1746 1827 1921 1864 usum

294 1885 668 1948 exposuimus.
711 1885 916 1936 Cortex
941 1890 1104 1950 potus
1128 1881 1443 1934 ischiadicis
1474 1889 1529 1933 et
1550 1888 1704 1932 stran
1750 1883 1921 1936 uriae

294 1951 537 2016 prodest.
611 1951 898 2004 Foliorum
944 1969 1141 2004 succus
1186 1951 1397 2004 calidus
1441 1951 1658 2002 aurium
1742 1951 1918 2004 olori.

293 2019 523 2086 Virgam
568 2022 758 2088 populi
794 2023 852 2072 in
891 2039 1058 2072 manu
1095 2022 1415 2074 tenentibus
1455 2021 1757 2088 intertrigo
1797 2039 1917 2073 non

272 2095 590 2142 metuatur.
633 2091 872 2157 Populus
895 2092 1059 2159 nigra
1082 2093 1461 2144 efficacissima
1482 2091 1739 2152 habetur,
1764 2106 1914 2156 quae

290 2158 348 2209 in
372 2159 538 2211 Creta
565 2161 825 2211 nascitur.
903 2161 1297 2214 comitialibus
1324 2176 1513 2212 semen
1535 2175 1604 2213 ex
1627 2165 1788 2212 aceto
1802 2161 1915 2211 uti-

291 2227 365 2280 le.
436 2227 648 2280 Fundit
669 2229 768 2282 illa
789 2237 845 2282 et
868 2232 1113 2282 resinam
1135 2233 1411 2300 exiguam,
1454 2245 1560 2298 qua
1579 2236 1815 2280 utuntur
1836 2229 1913 2282 ad

292 2299 650 2366 malagmata.
724 2297 890 2352 Folia
911 2301 1177 2370 podagris
1202 2301 1254 2351 in
1283 2307 1444 2352 aceto
1472 2300 1707 2350 decocta
1728 2299 1912 2365 impo-

292 2375 514 2420 nuntur.
585 2367 804 2420 Humor
833 2386 862 2423 e
885 2371 1035 2422 cavis
1058 2372 1249 2438 populi
1279 2373 1469 2436 nigrae
1493 2365 1741 2430 effluens,
1783 2384 1907 2420 ver-

294 2450 477 2501 rucas,
519 2440 858 2506 papulasque
898 2455 966 2492 ex
1009 2442 1210 2491 attritu
1256 2443 1412 2491 ortas
1459 2439 1625 2490 tollit.
1702 2431 1911 2504 Populi

294 2502 484 2555 ferunt
505 2514 562 2558 et
583 2509 640 2558 in
677 2507 830 2559 foliis
850 2516 1091 2577 guttam,
1134 2525 1200 2562 ex
1234 2525 1341 2576 qua
1362 2515 1496 2574 apes
1520 2503 1795 2574 propolim
1825 2503 1912 2557 sa-

295 2571 464 2624 clunt.
539 2575 718 2629 Gutta
750 2593 924 2646 aeque
987 2578 1166 2645 ropoli
1191 2595 1259 2631 ex
1283 2591 1427 2646 aqua
1450 2573 1661 2629 efficax,

364 2639 617 2694 xxxin.
657 2645 799 2696 Ulini
843 2654 900 2700 et
967 2647 1097 2709 olia,
1140 2654 1197 2699 et
1235 2654 1447 2706 cortex,
1490 2651 1546 2698 et
1589 2645 1747 2708 rami,
1790 2641 1901 2698 vim

294 2707 498 2762 habent
518 2711 814 2778 spissandi,
855 2721 914 2769 et
951 2715 1183 2769 vulnera
1210 2713 1589 2768 contrahendi.
1663 2713 1903 2768 corticis
