2033 3044
309 171 416 226 1⁷0
649 175 712 226 C.
759 173 1051 227 PLINII
1110 169 1497 226 sucum„

309 275 510 328 rimam
533 275 784 341 prodest:
809 279 1095 342 magisque
1116 289 1240 326 cum
1264 274 1431 326 melle
1454 277 1513 324 et
1532 270 1771 324 narcissi
1784 287 1909 324 suc-

309 358 394 407 co,
415 352 514 396 eut
537 344 718 396 thuris
737 345 964 410 polline.
1038 344 1375 410 Semperque
1396 343 1455 392 in
1492 341 1647 394 omni
1667 357 1771 392 usu
1793 339 1910 392 effi-

313 413 499 465 cacius
521 415 656 476 eius,
699 428 840 480 quac
863 427 1067 464 marem
1090 413 1255 463 enixa
1274 414 1374 462 sit:
1420 410 1711 474 multoque
1727 409 1911 462 effica-

315 482 594 534 cissimum
617 483 755 542 eius,
793 497 937 547 quae
958 483 1210 547 geminos
1232 495 1444 531 mares:
1486 484 1545 528 et
1566 479 1619 528 si
1642 479 1764 530 vino
1785 479 1911 544 ipsa

315 551 562 617 cibisque
583 551 892 602 acrioribus
914 550 1211 601 abstineat.
1257 548 1443 598 Mixta
1463 553 1765 612 praeterea
1782 561 1909 597 ovo-

313 634 436 670 rum
457 619 692 671 candido
714 619 950 685 liquore,
987 617 1321 682 madidaque
1354 617 1487 667 lana
1508 615 1791 666 frontibus
1808 615 1911 666 im-

316 689 574 754 positum,
595 685 865 739 fluxiones
887 685 1173 738 oculorum
1196 686 1505 750 suspendit.
1580 684 1725 736 Nam
1746 685 1795 736 si
1816 699 1906 735 ra-

319 773 390 808 na
409 757 588 808 saliva
610 771 712 806 sua
731 756 952 807 oculum
971 753 1293 822 asperserit,
1330 753 1697 820 praecipuum
1718 759 1802 806 cst
1821 768 1905 804 rc·

319 825 576 876 medium.
643 825 720 874 Et
739 831 930 876 contra
949 839 1191 876 morsum
1214 823 1461 874 eiusdem
1485 823 1721 884 bibitur,
1738 821 1908 875 instil-

317 894 588 961 laturque.
655 894 798 945 Eum
840 894 937 960 qui
973 893 1139 943 simul
1164 893 1357 942 metris
1378 890 1643 956 filiaeque
1664 892 1811 942 lecte
1832 891 1909 940 in·

317 969 511 1014 unctus
533 965 622 1024 sit,
639 961 868 1014 liberari
889 964 1039 1014 omni
1066 961 1351 1014 oculorum
1372 967 1526 1010 metu
1548 960 1609 1010 in
1630 966 1811 1012 totum
1832 961 1905 1010 vi·

317 1038 430 1082 tem
451 1031 742 1082 affirmant.
812 1032 1037 1082 Aurium
1062 1044 1281 1096 quoque
1309 1028 1461 1079 vitiis
1504 1027 1781 1092 medetur,
1813 1026 1907 1080 ud-

318 1101 494 1151 mixto
517 1100 734 1152 modice
757 1099 911 1151 oleo:
945 1106 1043 1149 aut
1064 1099 1113 1148 si
1134 1100 1203 1148 ab
1225 1101 1334 1148 ictu
1356 1096 1607 1158 doleant,
1646 1097 1904 1150 anserino

314 1167 476 1234 adipe
500 1169 849 1233 tepefactum.
899 1166 958 1218 Si
977 1167 1119 1219 odor
1140 1167 1361 1232 gravior
1382 1166 1477 1227 sit,
1500 1171 1563 1214 ut
1582 1163 1904 1230 plerumque

315 1236 378 1286 fit
397 1237 578 1302 longis
598 1237 768 1297 vitiis,
785 1236 962 1288 diluto
983 1235 1149 1288 melle
1171 1236 1300 1287 lana
1318 1232 1642 1284 includitur.
1684 1235 1760 1285 Et
1782 1249 1901 1284 cun·

311 1309 404 1356 tra
421 1306 672 1355 morbum
712 1305 926 1370 regium
965 1305 1022 1354 in
1056 1305 1233 1357 oculis
1273 1303 1553 1364 relictum,
1594 1303 1906 1354 instillatur

313 1385 436 1422 cum
459 1372 714 1423 elaterio.
785 1373 1153 1424 peculiariter
1180 1371 1329 1423 velet
1363 1376 1557 1436 potum
1604 1377 1807 1422 contre
1825 1387 1907 1422 ve·
2009 1393 2010 1406 ἢ

301 1453 478 1501 ‚nena‚
517 1453 658 1506 quae
684 1439 816 1491 data
835 1448 966 1492 sunt
989 1457 1021 1492 e
1045 1443 1259 1492 marino
1284 1441 1493 1504 lepore,
1522 1439 1908 1506 buprestique,

315 1513 374 1561 et
390 1512 453 1559 ut
468 1507 798 1561 Aristoteles
817 1509 1008 1572 tradit,
1044 1511 1383 1577 dorycnion„
1442 1509 1517 1559 Et
1539 1515 1741 1562 contra
1762 1510 1906 1561 insa·

299 1581 486 1638 niem,
505 1590 647 1643 quae
669 1578 822 1630 facta
841 1581 916 1629 sit
934 1578 1260 1646 hyoscyami
1282 1584 1437 1645 potu.
1472 1576 1757 1645 Podagris
1775 1594 1906 1646 quo·

312 1660 418 1712 que
439 1646 632 1697 iubent
649 1646 796 1697 illini
817 1662 940 1699 cum
963 1652 1162 1699 cicuta.
1196 1646 1303 1701 Alii
1328 1662 1450 1697 cum
1472 1661 1693 1712 oesypo
1712 1653 1771 1699 et
1790 1647 1904 1699 adi-

300 1729 384 1781 -pe
404 1716 657 1766 anserino
673 1735 712 1766 a.
737 1716 973 1782 qualiter
993 1717 1165 1767 etiam
1185 1715 1475 1767 vulvarum
1500 1714 1799 1769 doloribus
1814 1717 1907 1767 im-

311 1784 552 1850 ponitur.
607 1785 800 1837 Alvum
825 1787 990 1838 etiam
1012 1785 1165 1835 sistit
1186 1791 1394 1850 potum,
1410 1788 1474 1833 ut
1484 1783 1757 1837 Rabirius
1776 1784 1905 1837 scri-

308 1854 412 1916 bit,
433 1860 490 1905 et
511 1869 728 1907 menses
752 1854 878 1904 ciet.
950 1854 1087 1905 Eius
1111 1867 1239 1904 vero
1274 1867 1419 1918 quae
1450 1849 1720 1903 feminam
1748 1854 1905 1907 enixa

311 1923 403 1985 sit,
429 1923 499 1973 ud
521 1922 659 1989 vitia
679 1929 891 1973 tantum
915 1922 971 1971 in
995 1920 1141 1973 facie
1160 1921 1406 1973 sananda
1428 1921 1739 1985 praevalet.
1786 1920 1883 1975 Pul

311 2004 533 2043 monum
557 2004 772 2057 quoque
798 1991 1148 2042 incommoda
1170 1989 1315 2042 lacte
1338 1989 1589 2043 mulieris
1607 1996 1899 2046 sanantur:

313 2062 404 2109 cui
426 2063 472 2110 si
495 2059 874 2111 admisceatur
894 2059 1131 2124 impubis
1153 2058 1315 2124 pueri
1344 2058 1525 2119 urina,
1564 2060 1658 2110 vel
1682 2061 1791 2111 mel
1814 2060 1901 2111 At-

309 2130 502 2189 ticum,
521 2130 706 2179 omnia
721 2128 1063 2193 singulorum
1077 2125 1450 2178 cochlearium
1473 2141 1757 2189 mensura,
1769 2140 1900 2179 mur·

311 2212 468 2248 mura
504 2211 724 2262 quoque
763 2196 975 2246 aurium
1000 2197 1127 2246 eiici
1158 2196 1400 2246 invenio.
1472 2195 1611 2247 Eius
1632 2211 1778 2261 quae
1798 2210 1902 2247 ma·
2005 2182 2006 2211 ³

307 2279 426 2318 rem
472 2264 689 2330 peperit
725 2264 876 2316 lacte
923 2269 1173 2333 gustato,
1212 2278 1375 2315 cenes
1394 2264 1653 2317 rabiosos
1672 2265 1801 2317 fieri
1820 2278 1901 2313 ne-

312 2340 462 2399 gant.
507 2394 514 2401 θ

381 2402 556 2453 xxu.
594 2399 850 2451 Mulieris
873 2414 1091 2467 quoque
1114 2398 1345 2467 salivam
1369 2399 1589 2451 ieiunae
1618 2406 1899 2465 potentem

315 2467 624 2520 diiudicant
646 2467 822 2518 oculis
843 2470 1164 2520 cruentatis.
1207 2470 1281 2519 Et
1304 2470 1349 2517 si
1371 2476 1566 2521 contra
1586 2467 1897 2534 epiphoras,

312 2534 596 2586 ferventes
617 2535 804 2601 anguli
842 2538 1129 2590 oculorum
1166 2536 1399 2587 subinde
1418 2535 1744 2590 madefiant:
1784 2534 1896 2589 effi·

313 2600 510 2658 cacius,
527 2602 577 2650 si
598 2603 721 2653 cibo
741 2603 977 2671 vinoque
999 2621 1059 2656 se
1073 2604 1251 2671 pridie
1271 2621 1338 2657 eu
1356 2606 1711 2658 abstinuerit.
1748 2606 1896 2657 inve·

314 2666 408 2717 nio
433 2673 490 2719 et
509 2666 686 2719 fascia
708 2671 956 2725 mulieris
977 2674 1215 2743 alligate
1235 2677 1433 2741 capite,
1462 2672 1689 2727 dolores
1708 2671 1894 2728 minui.
