2033 3044
277 119 593 174 NATUR.
616 119 957 172 msTOR.
994 120 1155 172 LIB.
1176 121 1394 175 XXIV.
1419 127 1508 174 39-
1526 123 1614 174 42.
1691 121 1750 172 17

164 224 267 276 boc
282 225 555 274 viscerum
578 223 808 285 faciunt,
832 229 895 274 ut
920 223 1208 285 affirment,
1230 224 1277 274 si
1302 238 1369 276 ex
1393 239 1457 274 ea
1479 223 1654 274 alveis
1675 223 1754 274 sa·

162 294 265 346 ctis
280 293 474 342 bibant
492 307 642 352 sues,
663 295 781 342 sine
801 291 945 343 liene
970 293 1222 342 inveniri.
1295 295 1366 343 Et
1390 294 1515 344 ideo
1541 291 1750 343 homini

164 376 378 428 quoque
398 361 645 426 splenico
666 361 844 412 cibum
868 368 1167 426 potumque
1189 360 1321 411 dant
1341 361 1395 410 in
1429 364 1572 411 vasis
1594 377 1662 412 ex·
1685 376 1754 411 ea

162 431 347 482 factis.
420 430 621 480 Gravis
646 437 839 480 auctor
858 431 914 478 in
940 429 1230 490 medicina,
1253 432 1460 496 virgam
1486 445 1554 480 ex
1576 445 1643 480 ea
1664 430 1755 480 de-

165 503 415 560 stactam,
456 506 519 550 ut
538 513 717 564 neque
738 504 961 559 terram,
1000 513 1178 564 neque
1195 497 1406 549 ferrum
1431 499 1756 564 attingeret,

165 568 362 621 sedare
389 568 601 618 ventris
642 566 864 618 dolores
902 575 1183 618 asseverat
1202 567 1538 634 impositam,
1577 568 1660 626 ita
1694 574 1756 616 ut

166 637 355 688 tunica
376 636 667 700 cinctuque
689 636 907 704 corpori
944 649 1221 700 apprimei
1223 643 1363 687 etur
1439 636 1687 701 Vulgus·
1672 651 1754 685 m-

166 707 383 758 felicem
404 706 659 756 arborem
682 719 801 756 eam
830 703 1092 770 appellat,
1133 712 1196 755 ut
1216 705 1470 766 diximus,
1495 705 1758 793 quoniam

166 773 309 826 nihil
331 775 621 835 ferat,nec
628 781 847 824 seratur
869 789 1124 839 unquam.

234 842 403 895 XLu.
441 842 761 904 Corinthus,
808 850 865 896 et
891 856 1034 908 quae
1054 846 1138 895 cir
1143 858 1206 895 ca
1238 850 1322 896 est
1345 845 1518 911 regio,
1561 843 1755 910 bryam

168 917 347 973 vocat,
378 913 611 978 eiusque
652 911 761 963 duo
801 927 1007 979 genera
1045 912 1206 964 facit:
1242 914 1555 965 silvestrem
1596 913 1760 978 plane

166 981 439 1033 sterilem:
477 981 711 1032 alteram
744 983 1044 1034 mitiorem.
1119 983 1276 1033 Haec
1299 978 1392 1033 fer'
1389 988 1411 1031 t
1432 982 1485 1030 in
1505 983 1660 1048 Aegy
1667 986 1759 1046 pto

170 1050 446 1118 Syriaque
468 1053 633 1102 etiam
665 1051 1015 1102 abundanter
1035 1050 1313 1116 lignosum
1333 1051 1604 1111 ··fiuctum,
1647 1064 1761 1100 ma-

166 1123 349 1172 iorem
370 1119 543 1187 galla,
584 1134 835 1185 asperum
859 1126 1044 1187 gustu,
1089 1135 1196 1186 quo
1221 1119 1418 1171 medici
1440 1124 1671 1170 utuntur
1691 1117 1764 1168 vi-

172 1205 235 1241 ee
254 1188 490 1254 gallae,'
474 1204 533 1238 ιιι
557 1191 1067 1254 compositionibus,
1109 1204 1244 1254 quas
1266 1179 1526 1240 antheras
1546 1193 1761 1240 vocant.

170 1261 243 1310 Et
262 1258 475 1323 lignum
499 1265 704 1320 autem,
742 1264 798 1308 et
816 1259 941 1321 flos,
988 1264 1045 1309 et
1067 1257 1221 1320 folia,
1266 1265 1322 1310 et
1343 1265 1534 1310 cortex
1557 1258 1611 1307 in
1647 1272 1765 1308 eos·

172 1327 294 1378 dem
318 1339 453 1377 usus
477 1324 825 1387 adhibentur,
848 1341 1156 1393 quanquam
1188 1328 1523 1378 remissiora.
1583 1326 1766 1378 Datur

174 1399 497 1460 sanguinem
522 1392 898 1448 reiicientibus
922 1403 1115 1449 cortex
1137 1397 1324 1456 tritus,
1351 1403 1408 1447 et
1429 1402 1622 1447 contra
1643 1409 1766 1461 pro-

170 1463 340 1514 fluvia
356 1463 703 1526 feminarum,
722 1465 979 1516 coeliacis
1004 1479 1236 1532 quoque.
1311 1432 1458 1516 ’idem
1483 1470 1643 1516 tusus
1663 1465 1766 1514 im·

172 1532 503 1601 positusque
544 1534 901 1586 collectiones
932 1550 1127 1587 omnes
1161 1534 1388 1585 inhibet.
1461 1534 1636 1585 Foliis
1675 1548 1766 1585 ex-

180 1601 444 1669 primitur
472 1617 669 1654 succus
700 1603 769 1653 ad
805 1602 943 1653 baec
974 1607 1183 1658 eadem.
1257 1604 1331 1654 Et
1359 1604 1414 1654 in
1439 1606 1568 1655 vino
1603 1602 1765 1655 deco·

172 1677 445 1739 quantur:
482 1672 609 1736 ipsa
646 1687 777 1723 vero
817 1672 1034 1724 adiecto
1079 1672 1244 1723 melle
1286 1672 1620 1739 gangraenis
1664 1671 1768 1721 illi-

172 1747 396 1791 nuntur.
468 1739 773 1792 Decoctum
792 1754 988 1792 eorum
1012 1744 1068 1792 in
1095 1742 1218 1791 vino
1239 1747 1450 1804 potum,
1491 1741 1576 1791 vel
1596 1741 1771 1804 impo-

178 1807 293 1861 sita
312 1824 440 1860 cum
458 1822 685 1861 rosaceo
708 1815 768 1861 et
790 1823 919 1861 cera
942 1810 1170 1863 sedant.
1226 1808 1325 1859 Sic
1345 1814 1402 1859 et
1425 1807 1770 1873 epinyctidas

168 1882 391 1929 emant.
463 1864 545 1928 Ad
569 1878 813 1932 dentium
839 1877 1091 1931 dolorem
1117 1877 1452 1959 auriumque,
1475 1877 1771 1927 decoctum

170 1960 365 1999 eornm
386 1948 638 1997 salutare
655 1954 765 1998 est.
805 1947 970 1999 radix
1006 1948 1076 1999 ad
1101 1946 1292 2000 eadem
1317 1942 1593 1998 similiter.
1667 1944 1773 1996 Fo-

170 2014 250 2067 lia
268 2014 377 2067 hoc
398 2030 487 2065 am
528 2014 657 2078 lius,
672 2014 741 2069 ad
768 2032 835 2067 ea
856 2030 998 2081 quae
1012 2023 1244 2085 εειςριιιιι
1265 2015 1622 2085 imponuntur
1644 2029 1766 2065 cum

172 2084 419 2151 polenta.
534 2098 691 2135 emen
730 2083 1026 2147 drachmae
1058 2088 1300 2153 pondere
1342 2082 1604 2137 adversus
1640 2081 1768 2163 pha-

172 2154 366 2221 tangi·
393 2158 453 2203 et
482 2166 716 2204 araneos
745 2142 971 2205 bibitur.
1046 2156 1178 2205 Cum
1209 2154 1446 2223 altilium
1487 2166 1618 2203 vero
1654 2152 1771 2216 pin-

168 2224 269 2289 gui
288 2222 603 2273 furunculis
622 2222 939 2288 imponitur
966 2225 971 2233 '
1026 2226 1070 2276 Ε
1077 2226 1236 2276 flicax
1259 2230 1314 2276 et
1336 2214 1532 2273 co'ntra
1555 2235 1772 2286 serpen-

172 2290 317 2343 tium
340 2293 509 2352 ictus,
562 2298 941 2361 praeterquam
966 2294 1237 2359 aspidum.
1310 2292 1426 2345 Nec
1448 2306 1554 2341 non
1579 2291 1770 2341 morbo

174 2362 333 2428 regio
352 2396 368 2422 ,
410 2356 734 2427 phthiriasi,
772 2360 1161 2429 lendibusq‘ue,
1206 2362 1490 2414 decoctum
1521 2357 1772 2409 infusum

174 2429 413 2494 prodest
428 2464 449 2491 ,
512 2430 1014 2497 abundantiamque
1057 2434 1349 2485 mulierum
1389 2428 1553 2479 sistit.
1626 2428 1776 2477 Ciuis

172 2500 397 2551 arboris
432 2497 503 2547 ad
546 2499 728 2552 omnia
762 2498 952 2549 eadem
994 2500 1276 2565 p1··.·0dest
1310 2500 1491 2557 Aiunt,
1533 2498 1582 2547 si
1617 2496 1776 2546 bovis
1861 2557 1868 2563 ·

172 2567 413 2619 castrati
453 2565 651 2617 urinae
688 2568 1079 2630 immisceatur,
1117 2562 1350 2633 inpot'u,
1391 2566 1482 2617 vel
1525 2568 1581 2617 in
1629 2566 1775 2626 cibo,

178 2633 455 2689 Venerem
498 2635 665 2685 finiri.
740 2637 1029 2702 Carboque
1072 2652 1140 2690 ex
1169 2652 1237 2690 eo
1272 2650 1475 2703 genere
1514 2636 1675 2687 urina
1707 2646 1777 2686 ea

242 2704 635 2757 Palu-Tou.
660 2704 755 2755 IV.
