2033 3044
264 180 575 234 NATUR.
614 182 959 234 nisToa.
1003 170 1645 239 LIB.XXV1.47-49.'
1689 182 1792 241 101

194 286 411 339 dicitur
432 285 701 351 paulatim
746 288 1003 339 emittere
1045 304 1144 353 per
1169 291 1400 342 urinam.
1470 290 1798 343 ,Prodestet

193 354 502 425 hyssopum
528 370 647 405 cum
672 357 775 406 fico
798 356 1103 408 decoctum.
1140 358 1487 411 Lonchitidis
1508 361 1676 414 radix
1696 360 1793 411 de·
1858 402 1864 410 .

194 431 375 487 cocta,
398 425 718 491 priusquam
736 441 921 477 semen
935 428 1172 478 emittat.
1247 430 1556 480 Peucedani
1580 445 1794 497 quoque

192 495 363 548 radix
388 494 637 557 decocta,
678 501 735 547 et
757 495 889 547 lieni
914 501 970 546 et
1003 497 1248 549 renibus,
1320 498 1459 549 Lien
1485 502 1633 549 acori
1656 506 1796 565 potu

190 563 561 617 consumitur.
634 562 983 616 Praecordiis
1013 573 1072 617 et
1090 567 1256 619 ilibus
1289 569 1622 623 utilissimae
1646 568 1796 621 radi-

193 650 305 687 ces.
385 633 639 700 Clymeni
660 650 845 685 semen
888 642 1077 701 potum
1117 635 1308 688 diebus
1326 638 1564 704 triginta
1598 638 1797 702 pondo·

190 720 255 756 re
276 704 499 755 denarii
518 703 573 752 in
594 703 725 754 vino
749 704 895 755 albo.
968 703 1304 758 Vettonicae
1337 706 1522 758 farina
1541 721 1611 758 ex
1633 706 1796 759 melle

190 782 251 827 et
274 777 439 825 aceto
460 772 669 824 scillite
689 780 838 839 pota.
909 774 1086 825 Radix
1108 776 1436 828 lonchitidis
1457 777 1514 827 in
1538 791 1700 843 aqua,
1741 782 1798 829 et

190 842 492 896 Teucriam
512 841 773 894 illinitur.
843 844 981 895 Item
1003 844 1279 897 scordium
1305 862 1423 898 cum
1451 858 1598 912 cera,
1618 846 1800 913 agari-

189 928 313 964 cum
336 928 463 965 cum
486 910 675 963 farina
690 912 841 963 foeni
862 912 1083 965 Graeci-

258 1050 463 1104 XLIX.
500 1048 737 1103 Vesicae
761 1052 937 1114 malis,
982 1058 1282 1119 contraque
1304 1054 1566 1117 calculos,
1587 1053 1789 1120 gravis·

186 1120 345 1173 simis
372 1122 730 1182 cruciatibus,
762 1128 827 1171 ut
848 1122 1109 1185 diximus,
1131 1123 1337 1173 auxilio
1363 1132 1446 1173 est
1467 1123 1792 1175 Polemonia

189 1206 257 1243 ex
278 1194 411 1243 vino
446 1198 606 1257 pota:
644 1193 779 1242 item
813 1192 1109 1259 agaricum.
1183 1192 1453 1261 Plantago
1491 1192 1678 1244 radice
1700 1194 1790 1245 vel

184 1260 344 1312 foliis
376 1262 527 1326 potis
570 1276 639 1312 ex
662 1275 845 1326 passu.
918 1261 993 1311 Et
1014 1263 1326 1325 Vettonica,
1365 1263 1510 1313 utin
1546 1264 1788 1315 iocinere

188 1331 445 1381 diximus,
521 1331 656 1381 ltem
679 1332 889 1392 ramici,
927 1338 1062 1397 pota
1095 1340 1260 1399 atque
1286 1332 1458 1385 illita:
1498 1333 1690 1385 eadem
1715 1332 1787 1384 ad

188 1399 539 1467 strangurias
562 1399 958 1452 efficacissima.
1030 1402 1109 1452 Ad
1136 1402 1381 1454 calculos
1405 1404 1626 1470 quidam
1653 1400 1786 1454 Vet-

187 1474 435 1521 tonicam
458 1474 513 1521 et
534 1471 891 1521 verbenacam
914 1475 970 1522 et
982 1472 1334 1524 millefolium
1357 1474 1544 1540 aequis
1571 1476 1783 1540 portio-

182 1541 383 1603 nibus,
426 1555 495 1592 ex
527 1555 685 1606 aqua,
726 1556 825 1606 pro
858 1542 1132 1608 singulari
1164 1543 1406 1594 remedio
1441 1544 1630 1596 bibere
1661 1559 1786 1594 sua-

186 1610 338 1662 dent.
418 1609 774 1676 Sti-angurias
808 1611 1012 1661 discuti
1043 1616 1102 1662 et
1136 1611 1414 1664 dictamno
1437 1622 1643 1665 certum
1679 1619 1782 1664 est.

185 1681 324 1732 Item
350 1678 733 1746 quinquefolio
758 1679 988 1731 decocto
1014 1680 1085 1731 ad
1105 1683 1300 1731 tertias
1322 1682 1380 1732 in
1401 1686 1557 1733 vino:
1602 1683 1706 1734 hoc
1729 1687 1786 1734 et

188 1749 582 1801 enterocelicis
607 1749 731 1800 dari
750 1755 913 1816 atque
938 1749 1107 1811 illini,
1131 1749 1488 1800 utilissimum
1511 1758 1614 1801 est.
1688 1751 1786 1801 xi-

188 1818 301 1885 pbii
338 1823 563 1886 quoque
594 1819 751 1868 radix
790 1819 1044 1885 superior
1080 1819 1292 1868 urinam
1329 1820 1438 1869 ciet
1461 1819 1784 1872 infantibus.

186 1889 593 1941 Enterocelicis
618 1889 779 1938 datur
814 1903 882 1940 ex
906 1903 1064 1954 aqua,
1105 1893 1164 1938 et
1195 1888 1435 1938 illinitur
1459 1889 1680 1939 vesicae
1701 1890 1782 1938 vi-

186 1958 299 2009 tiis.
372 1957 691 2008 Peucedani
712 1955 927 2009 succus*
942 1956 1238 2008 infantium
1277 1959 1498 2008 ramici=
1538 1963 1595 2008 et
1614 1959 1788 2008 umbi-

186 2027 311 2079 licis
350 2027 724 2079 eminentibus
759 2028 1007 2094 psyllion
1040 2027 1300 2078 illinitur.
1372 2027 1596 2078 Urinam
1634 2029 1787 2078 cient

186 2097 553 2166 anagallides,
576 2096 837 2163 acorique
860 2097 1066 2148 radicis
1087 2099 1389 2158 decoctum,
1429 2097 1518 2148 vel
1541 2099 1664 2162 ipsa
1685 2097 1785 2146 tri-

182 2171 245 2218 ta
264 2175 540 2234 potaque:
582 2172 640 2217 et
676 2168 861 2216 omnia
893 2167 1112 2218 vesicae
1144 2167 1282 2218 vitia
1315 2172 1494 2217 sanat.
1565 2169 1640 2217 Et
1670 2166 1784 2217 cal-

186 2236 345 2288 culos
372 2235 549 2287 herba
582 2241 641 2286 et
674 2235 835 2285 radix
870 2237 1232 2303 cotyledonis.
1306 2237 1554 2302 Itemque
1575 2237 1789 2302 genita-

184 2305 316 2356 lium
350 2305 849 2356 inflammationem
886 2321 1120 2368 omnem,
1163 2307 1284 2372 pari
1319 2307 1560 2372 pondere
1594 2305 1788 2367 caulis,

184 2382 239 2426 et
258 2375 515 2435 seminis,
562 2381 620 2426 ct
643 2372 919 2440 myrrhae.
988 2375 1228 2425 Ehulum
1253 2376 1460 2426 teneris
1487 2390 1608 2426 cum
1631 2374 1786 2426 foliis

184 2446 407 2510 tritum,
451 2459 520 2495 ex
556 2445 679 2494 vino
716 2449 925 2508 potum,
968 2444 1216 2495 calculos
1241 2445 1428 2510 pellit:
1464 2444 1786 2510 impositum

184 2519 360 2567 testes
386 2519 571 2566 sanat.
644 2515 912 2580 Erigeron
936 2528 1154 2580 quoque
1175 2529 1296 2564 cum
1322 2512 1506 2565 farina
1527 2515 1706 2567 thuris
1729 2521 1790 2568 et

180 2586 309 2636 vino
332 2584 510 2645 dulci,
536 2582 758 2634 testium
780 2583 1244 2634 inflammationes
1267 2589 1441 2634 sanat.
1515 2582 1789 2653 Symphy-

179 2654 229 2704 ti
254 2655 429 2706 radix
472 2653 623 2704 illita
654 2653 1002 2706 enterocelas
1038 2650 1286 2703 cohibetz
1321 2653 1646 2722 genitalium
1687 2667 1787 2704 no-

180 2738 297 2778 mas
322 2721 685 2794 hypocisthis
704 2721 850 2775 alba.
917 2721 1216 2775 Artemisia
1239 2738 1454 2792 quoque
1475 2724 1644 2777 datur
1661 2735 1790 2773 con-
