2033 3044
311 166 416 221 w
707 167 766 217 C.
803 164 1079 217 PLINII
1142 163 1513 218 SECUNDI

315 268 470 320 ribus
491 267 879 320 emolumentis
904 269 1021 339 fiat.
1064 267 1270 320 Eadem
1295 268 1377 318 vis
1398 273 1486 319 est
1505 272 1563 319 et
1580 266 1641 318 in
1658 279 1787 319 sevo
1802 281 1901 318 ca-

316 338 475 404 prino
519 337 578 388 in
620 338 928 389 sorbitione
955 338 1159 404 aliqua,
1200 337 1283 387 uti
1314 339 1569 402 protinus
1600 336 1903 391 hauriatur

314 406 524 475 frigida
543 421 702 473 aqua.
775 409 912 458 ltem
933 407 1197 458 feminum
1226 405 1395 458 hoedi
1415 407 1549 457 cinis
1578 413 1743 473 rupta
1760 407 1899 458 inte·

313 477 464 528 stina
483 479 688 529 sarcire
708 477 846 528 mire
869 477 1128 527 traditur.
1150 475 1364 524 Fimum
1392 476 1603 540 leporis
1626 491 1747 534 cum
1768 475 1897 526 mel·

311 546 368 598 le
391 547 700 608 decoctum,
721 551 778 596 et
799 545 1049 611 quotidie
1066 544 1230 595 fabae
1251 545 1629 609 magnitudine
1640 550 1893 603 sumtum,

313 617 398 667 ita
431 624 494 666 ut
535 616 850 681 deploratos
887 615 1218 665 sanaverint.
1292 612 1554 665 Laudant
1596 619 1655 666 et
1676 613 1893 679 caprini

315 685 512 751 capitis
533 698 654 734 cum
675 685 789 734 suis
812 684 940 750 pilis
963 685 1175 735 decocti
1197 698 1439 734 succum.

384 755 528 806 le.
565 756 886 815 Tenesmos,
925 753 980 804 id
1001 758 1106 813 est,
1146 753 1335 804 crebra
1362 758 1419 803 et
1440 751 1624 802 inanis
1645 752 1891 804 voluntas

317 824 666 888 desurgendi,
684 824 900 875 tollitur
923 827 1057 888 poto
1078 823 1223 874 lacte
1248 822 1493 872 asinino:
1518 822 1657 872 item
1678 821 1891 873 bubulo.

316 893 647 944 Taeniarum
669 907 876 960 genera
895 893 1055 956 pellit
1094 891 1300 942 cervini
1332 905 1537 941 cornus
1558 891 1705 941 cinis
1724 897 1897 957 potus.

318 964 472 1026 Quae
509 963 565 1013 in
605 963 966 1014 excrementis
988 961 1109 1027 lupi
1132 961 1367 1011 diximus
1406 960 1645 1011 inveniri
1668 975 1813 1020 ossa,
1850 960 1899 1009 si

317 1039 520 1084 terram
565 1048 675 1083 non
717 1031 1035 1097 attigerint,
1078 1029 1203 1080 colo
1244 1030 1553 1091 medentur,
1596 1029 1899 1097 adalligata

316 1100 560 1152 brachio.
633 1101 802 1152 Pelea
823 1115 1040 1167 quoque
1060 1114 1226 1164 supra
1256 1099 1405 1149 dicta
1424 1113 1763 1166 magnopere
1786 1112 1898 1164 pro-

317 1171 443 1222 dest
463 1172 516 1220 in
543 1185 679 1236 sapa
697 1170 942 1222 decocta.
1013 1170 1153 1220 Item
1175 1168 1323 1220 suilli
1358 1169 1471 1218 fimi
1506 1166 1695 1218 farina
1712 1168 1895 1219 addito

316 1240 532 1290 cumino
555 1239 613 1288 in
636 1253 779 1304 aqua
801 1246 962 1290 rutae
1001 1239 1277 1290 decoctae.
1352 1239 1565 1288 Cornus
1588 1237 1801 1289 cervini
1815 1243 1893 1288 te·

316 1307 433 1358 neri
475 1309 612 1356 cinis
628 1342 643 1368 ,
685 1305 926 1358 cochleis
965 1306 1245 1360 Africanis
1286 1321 1411 1357 cum
1440 1312 1594 1358 testa
1629 1321 1735 1358 sua
1762 1306 1895 1358 tusis

313 1376 536 1436 mixtus,
558 1375 616 1424 in
639 1375 754 1425 vini
777 1377 1024 1441 potione.
1094 1385 1099 1388 '

380 1443 498 1494 Lx.
516 1444 750 1496 Vesicae
771 1445 1219 1512 calculorumque
1244 1442 1579 1496 cruciatibus
1602 1444 1897 1495 auxiliatur

315 1514 478 1566 urina
495 1515 635 1581 apri,
656 1518 714 1566 et
739 1515 862 1581 ipsa
879 1515 1065 1567 vesica
1084 1531 1182 1583 pro
1204 1514 1325 1566 cibo
1344 1520 1555 1565 sumta:
1600 1513 1897 1578 efficacius,

315 1584 364 1637 si
381 1584 537 1651 prius
559 1582 710 1635 fumo
733 1592 1043 1637 maceretur
1062 1591 1372 1652 utrumque.
1410 1584 1675 1637 Vesicam
1698 1585 1899 1637 elixam

314 1654 504 1705 mandi
524 1660 770 1719 oportet:
811 1660 870 1706 et
911 1670 945 1705 a
985 1655 1237 1717 muliere,
1276 1654 1514 1707 feminae
1540 1654 1674 1705 suis.
1746 1656 1897 1706 Inve-

313 1724 543 1776 niuntur
565 1730 622 1775 et
645 1724 700 1774 in
722 1724 1059 1775 iocineribus
1088 1739 1281 1775 eorum
1315 1723 1529 1789 lapilli,
1572 1728 1674 1775 aut
1700 1722 1896 1777 duritie
1995 1764 1996 1767 ,

311 1794 520 1861 lapillis
545 1794 773 1855 similes,
795 1794 1032 1855 candidi,
1046 1794 1217 1844 sicuti
1238 1796 1295 1843 in
1318 1793 1536 1859 vulgari
1554 1808 1679 1844 suet
1706 1792 1896 1859 quibus

313 1864 568 1915 contritis
607 1870 772 1929 atque
811 1866 959 1930 potis
997 1864 1056 1914 in
1086 1864 1215 1913 vino
1230 1899 1246 1925 ,
1284 1862 1420 1927 pelli
1452 1862 1704 1914 calculos
1728 1863 1894 1915 aiunt.
1995 1902 1996 1911 ,

309 1933 426 1999 Ipsi
447 1946 582 1999 apro
605 1938 716 1983 tam
739 1937 920 1999 gravis
943 1947 1047 1983 sua
1068 1932 1229 1982 urina
1250 1938 1352 1993 est,
1371 1938 1435 1981 ut
1456 1932 1567 1983 nisi
1588 1938 1797 1997 egesta,
1816 1928 1897 1980 fu·
1995 1984 1996 1995 γ

313 2014 419 2067 gae
459 2018 568 2052 non
611 2001 872 2063 sufficiat,
915 2016 980 2053 ac
1018 2002 1169 2053 velut
1208 2000 1492 2051 devinctus
1532 2003 1893 2067 opprimatur.

311 2071 489 2121 Exuri
509 2069 610 2121 illa
631 2071 864 2122 tradunt
885 2087 998 2123 eos.
1069 2069 1301 2136 Leporis
1318 2085 1483 2123 renes
1502 2070 1824 2131 inveterati,
1839 2069 1895 2120 in
1995 2072 1996 2135 ζ

308 2142 436 2190 vino
457 2140 595 2206 poti,
619 2139 862 2192 calculos
885 2140 1112 2207 pellunt.
1181 2140 1241 2190 ln
1262 2154 1433 2204 perna
1448 2153 1609 2190 suum
1630 2139 1895 2191 articulos

311 2223 436 2261 esse
455 2208 708 2271 diximus,
738 2223 966 2274 quorum
988 2208 1275 2259 decoctum
1296 2208 1384 2259 ius
1409 2208 1548 2259 facit
1568 2208 1769 2261 urinae
1786 2208 1895 2261 uti·

310 2277 382 2329 le.
451 2278 600 2328 A'sini
623 2292 784 2329 renes
802 2278 1116 2339 inveterati,
1156 2280 1399 2344 tritique,
1425 2285 1480 2329 et
1502 2278 1559 2328 in
1574 2280 1721 2329 mino
1746 2292 1897 2329 mero

313 2345 449 2407 dati,
467 2346 684 2398 vesicae
704 2349 1016 2399 medentur.
1060 2346 1316 2397 calculos
1338 2346 1625 2413 expellunt
1643 2347 1899 2401 lichenes

313 2414 502 2480 equini
523 2430 590 2465 ex
610 2416 742 2465 vino
765 2426 861 2467 aut
883 2416 1060 2468 mulso
1095 2415 1215 2483 poti
1248 2416 1443 2468 diebus
1464 2416 1583 2466 XL.
1656 2416 1901 2469 Prodest

317 2485 376 2529 et
413 2482 653 2546 ungulae
686 2487 914 2549 equinae
952 2485 1105 2546 cinis,
1144 2485 1201 2534 in
1221 2486 1369 2547 vino,
1404 2491 1502 2537 aut
1522 2500 1685 2552 aqua.
1754 2488 1899 2537 ltem

315 2546 506 2593 fimum
523 2564 807 2614 caprarum
828 2555 886 2617 in
905 2554 1103 2614 mulso,
1120 2553 1390 2605 efficacius
1412 2556 1767 2605 silvestrium.
1792 2555 1901 2606 Pili

319 2624 532 2673 quoque
553 2620 760 2679 caprini
783 2623 935 2673 cinis.
960 2620 1336 2676 verendorum
1360 2624 1727 2685 carbunculis,
1745 2639 1901 2675 cere·

319 2675 474 2725 hrum
501 2682 622 2743 apri
646 2687 730 2735 vel
749 2690 885 2752 suis,
907 2690 1257 2756 sanguisque.
1328 2691 1485 2743 Vitia
1506 2706 1655 2752 vero,
1678 2706 1829 2758 quae
1846 2694 1903 2745 in
