2033 3044
295 131 400 186 104
675 129 737 184 G.
788 129 1065 183 PLINII
1120 128 1510 184 SncuNm

291 235 399 286 mis
423 231 639 284 duabus
660 233 718 284 in
742 233 898 284 vino:
919 232 1081 284 dauci
1101 249 1213 284 una
1234 233 1517 295 drachma,
1537 233 1631 286 vel
1648 233 1901 288 seminis.

289 302 591 356 Ischiadici
628 311 684 356 et
717 305 923 355 semine
953 310 1010 355 et
1041 302 1199 354 foliis
1234 303 1602 370 erythrodani
1624 304 1779 356 tritis
1808 321 1902 356 sa-

293 381 526 425 nantur:
575 388 780 440 panace
817 383 976 439 poto:
1018 380 1076 424 et
1096 371 1368 426 infricata
1397 372 1748 437 Polemonia,
1790 374 1904 426 ari-

291 441 602 496 stolochiae
624 443 858 495 decocto
881 441 1023 494 folii.
1097 444 1334 509 Agarico
1357 443 1577 510 quidem
1598 450 1656 496 et
1680 459 1897 504 nervus,

297 515 389 582 qui
415 512 600 580 platys
625 513 964 580 appellatur,
1003 519 1061 563 et
1081 511 1437 564 humerorum
1463 513 1628 565 dolor
1648 521 1895 576 sanatur,

295 585 478 636 obolis
503 583 682 634 tribus
703 585 760 632 in
784 584 894 632 vini
921 583 1125 634 veteris
1143 583 1353 650 cyatho
1376 598 1483 635 uno
1506 591 1661 650 poto.
1736 586 1899 648 Quin:-

297 653 598 722 quefolium
620 651 942 704 ischiadicis
979 661 1036 704 et
1056 654 1266 704 bibitur
1284 659 1341 704 et
1369 654 1693 720 imponitur.
1762 656 1895 706 lten

297 725 640 778 scammonia
662 721 894 774 decocta
919 739 1041 773 cum
1076 722 1276 775 hordei
1297 723 1500 776 farina.
1574 723 1775 776 Semen
1799 723 1893 791 hy·

297 797 474 862 periei
505 794 794 860 utriusque
832 793 1048 844 bibitur
1073 807 1141 844 ex
1161 793 1311 845 vino.
1382 793 1548 846 Sedis
1566 795 1709 848 vitia
1730 801 1791 848 et
1822 802 1895 844 at»

296 866 464 918 tritus
489 863 780 916 celerrime
803 870 965 914 sanat
983 863 1285 931 plantago:
1330 863 1731 931 condylomata
1752 865 1899 933 quin·

297 934 630 1004 quefolium:
669 933 858 985 sedem
891 949 1143 986 eversam
1182 933 1480 1000 cyclamini
1502 935 1663 986 radix
1686 952 1755 989 ex
1772 951 1894 986 ace-

296 1014 376 1059 to.
447 1004 840 1072 Anagallidum
864 1003 1125 1056 caerulea
1150 1004 1553 1069 procidentiam
1576 1005 1727 1058 sedis
1748 1011 1896 1057 retro

299 1077 451 1144 agit:
495 1091 524 1126 e
548 1075 772 1128 diverso
793 1075 996 1127 rubens
1032 1075 1287 1150 proritat.
1360 1074 1673 1141 Cotyledou
1696 1075 1897 1143 condy-

295 1149 512 1200 lomata
533 1151 589 1198 et
617 1143 1079 1198 haemorrhoidas
1110 1143 1252 1194 mire
1289 1151 1465 1196 curat.
1540 1146 1795 1196 Testium
1817 1153 1897 1195 tu·

295 1231 480 1268 mores
501 1216 657 1267 acori
675 1215 840 1266 radix
859 1215 1092 1281 decocta
1112 1216 1168 1264 in
1191 1215 1337 1275 vino,
1360 1216 1626 1281 tritaque,
1651 1221 1711 1268 et
1732 1215 1898 1267 illita.

295 1286 689 1352 Intertrigines
710 1292 880 1350 negat
899 1283 1025 1336 fieri
1046 1285 1204 1346 Cato,
1244 1283 1585 1337 absinthium
1605 1286 1897 1338 Ponticum

297 1370 481 1406 secum
507 1353 853 1406 habentibus,
907 1354 1020 1405 Alii
1042 1354 1311 1407 adiiciunt
1334 1363 1391 1406 et
1414 1355 1729 1422 pulegium:
1752 1354 1899 1423 quod

294 1424 518 1476 ieiunus
538 1426 634 1489 qui
655 1424 872 1490 legerit,
889 1427 937 1474 si
952 1431 1079 1489 post
1102 1441 1161 1476 se
1182 1425 1395 1492 alliget,
1406 1425 1655 1492 inguinis
1676 1425 1899 1478 dolores
1995 1415 1996 1440 ³

294 1493 575 1565 prohibet,
619 1500 718 1547 aut
735 1493 896 1547 sedat
917 1502 1166 1561 coeptos.

271 1596 276 1601 ·
363 1562 517 1617 LlX.
571 1565 878 1632 Inguinalis
917 1568 1105 1632 (quam
1147 1566 1367 1633 quidam
1410 1580 1769 1635 argemonem
1808 1582 1903 1619 vo-

299 1634 450 1700 cant)
493 1636 700 1701 passim
721 1639 775 1687 in
796 1638 1057 1702 vepribus
1082 1652 1327 1700 nascens,
1370 1644 1433 1687 ut
1452 1638 1635 1704 prosit
1654 1638 1899 1707 inguini-
1993 1696 1994 1711 χ

294 1708 420 1768 bus,
443 1706 500 1756 in
527 1722 694 1757 manu
712 1713 930 1758 tantum
953 1706 1205 1757 habenda
1225 1713 1327 1759 est.

366 1775 488 1828 LX.
513 1774 706 1830 'Panos
749 1783 914 1829 sanat
955 1790 1191 1841 panaces
1232 1793 1354 1827 cum
1393 1776 1587 1829 melle:
1632 1778 1901 1847 plantago

297 1862 424 1899 cum
443 1847 592 1900 sale:
633 1845 1104 1915 quinquefolium=
1145 1847 1464 1913 pei-solatae
1503 1848 1667 1900 radix
1690 1885 1707 1912 ,
1742 1856 1807 1900 ut
1845 1851 1903 1901 in

297 1919 554 1969 strumis:
591 1921 725 1969 item
751 1917 1155 1969 damasonium=
1194 1919 1517 1969 verbascum
1544 1934 1669 1969 cum
1690 1934 1797 1971 sua
1819 1935 1903 1971 ra·
1991 1954 1992 1957 =

300 1988 424 2039 dice
447 1994 647 2049 tusum,
687 1988 818 2038 vino
841 2000 1148 2051 aspersum,
1193 1985 1441 2053 folioque
1466 1989 1798 2053 involutum,
1844 1998 1900 2041 et

299 2058 381 2109 ita
401 2057 459 2107 in
483 2058 667 2109 cinere
691 2054 1005 2117 calfactum,
1026 2060 1088 2105 ut
1108 2054 1428 2122 imponatur
1448 2058 1713 2109 calidum.
1786 2060 1895 2111 Ex-

299 2129 446 2194 perti
469 2127 828 2187 affirmavere,
872 2127 1167 2191 plurimum
1200 2127 1409 2179 referre
1446 2130 1493 2177 si
1528 2129 1693 2194 virgo
1720 2130 1895 2196 impo-

299 2202 394 2249 nat
417 2197 582 2259 nuda,
625 2197 811 2248 ieiuna
831 2196 1035 2258 ieiuno,
1080 2202 1135 2245 et
1159 2212 1322 2247 manu
1345 2198 1543 2262 supina
1562 2206 1799 2267 tangens
1822 2200 1900 2251 di·
1988 2188 1990 2203 '

299 2273 419 2319 cat:
458 2265 646 2336 Negat
685 2266 870 2333 Apollo
913 2274 1114 2332 pestem
1145 2283 1301 2333 poue
1342 2282 1597 2332 crescere,
1622 2271 1714 2320 cui
1746 2272 1896 2323 nuda

296 2335 454 2417 virgo
475 2337 784 2405 restinguat
801 2355 819 2387 .-
853 2342 1021 2401 atque
1042 2336 1124 2387 ita
1158 2343 1409 2387 retrorsa
1425 2352 1593 2388 manu
1616 2345 1709 2389 ter
1730 2338 1897 2401 dicat,

294 2411 579 2472 totiesque
601 2406 874 2473 despuant
915 2405 1097 2456 ambo·
1168 2405 1427 2458 Medetur
1463 2414 1519 2457 et
1553 2408 1719 2460 radix
1752 2424 1899 2462 man·
1986 2442 1988 2451 ·

295 2474 573 2537 dragorae
613 2490 682 2528 ex
723 2490 894 2542 aqua:
934 2473 1143 2526 radicis
1188 2476 1561 2528 scammoniae
1602 2478 1894 2531 decoctum

297 2555 430 2591 cum·
459 2543 648 2597 melle:
691 2546 936 2597 sideritis
977 2560 1099 2595 cum
1146 2545 1312 2609 adipe
1354 2552 1567 2597 vetere:
1610 2548 1703 2599 vel
1722 2548 1893 2617 Chry·

297 2612 490 2673 sippea
509 2625 632 2661 cum
657 2615 776 2666 ficis
799 2615 1120 2683 pinguibus:
1162 2620 1219 2665 et
1240 2612 1377 2667 haec
1397 2615 1465 2666 ab
1486 2616 1785 2671 inventore
1807 2618 1897 2671 ha-

299 2678 396 2731 bet
416 2691 632 2730 nomen.
