2033 3044
241 150 547 203 NATUR.
586 147 927 202 HISTOR.
967 148 1127 201 LlB.
1171 148 1370 205 XXV.
1411 151 1539 207 2-5.
1652 148 1725 208 45

143 260 316 306 autem
341 252 492 303 omni
512 252 671 319 reg-ia
709 250 914 319 praeda
937 252 1164 319 potitus,
1206 252 1509 307 transferre
1528 268 1593 307 ea
1615 267 1727 307 ser-

143 336 294 373 mone
317 328 514 374 nostro
540 320 794 375 libertum
819 336 976 372 suum
998 322 1297 385 Lenaeum,
1320 323 1725 379 Grammaticae

141 392 284 453 artis,
293 392 488 442 iussitt
509 393 767 457 vitaeque
785 392 870 443 ita
885 390 1096 458 profuit
1117 406 1227 442 non
1239 393 1435 454 minus,
1448 408 1607 461 quum
1622 395 1726 446 rei·

143 460 386 529 publicae
410 460 652 512 victoria
669 460 787 510 illa.

202 528 294 581 IV.
335 528 568 581 Praeter
591 528 691 581 hos
717 528 915 579 Graeci
936 534 1192 581 auctores
1214 526 1521 581 medicinae
1542 530 1725 596 prodi-

139 597 280 660 dere,
299 613 442 665 quos
463 598 580 649 suis
603 598 742 649 loeis
763 597 1021 649 diximus.
1074 598 1165 649 Ex.
1179 596 1265 648 his
1288 600 1571 663 Cratevus,
1594 598 1727 663 Dio,-

137 668 343 733 nyslus‚
363 667 750 729 Metrodorus,
771 668 989 721 ratione
1007 665 1391 728 blandissima,
1402 666 1499 719 sed
1523 681 1630 732 qna
1648 670 1727 719 ni·

139 736 214 787 hil
245 751 426 803 paene
467 735 643 798 aliud,
681 749 843 803 quam
875 735 958 787 rei
998 734 1313 798 difficultas,
1354 736 1723 803 intelligatur.

139 804 369 857 pinxere
408 818 648 871 namque
688 804 900 871 effigies
931 801 1242 867 herbarum,
1288 810 1454 872 atque
1493 806 1579 857 ita
1600 806 1702 857 sub

139 875 408 940 scripsere
431 874 679 926 effeetus.
704 873 902 925 Verum
925 880 982 925 et
1004 873 1218 939 pictura
1238 872 1415 926 fallax
1439 882 1541 938 est,
1564 882 1621 927 et
1636 892 1725 927 co·

143 944 348 995 loribus
388 949 506 994 tam
547 943 876 1003 numerosis,
918 943 1243 1010 praesertim
1266 944 1324 993 in
1351 944 1728 997 aemulatione

143 1016 387 1073 naturae,
403 1013 637 1063 multum
659 1012 968 1079 degenerat
989 1012 1472 1063 transcribentium
1494 1028 1615 1065 sors
1636 1029 1726 1065 va-

141 1082 234 1132 ris.
255 1080 562 1133 Praeterea
583 1095 778 1145 parum
798 1084 882 1131 est
903 1080 1152 1149 singulas
1174 1094 1359 1131 earum
1383 1086 1595 1134 aetates
1610 1084 1728 1149 pin-

142 1150 214 1216 gi,
251 1164 374 1201 eum
399 1149 830 1216 quadripartitis
850 1148 1218 1201 varietatibus
1243 1150 1371 1201 anni
1389 1148 1589 1203 faciem
1613 1167 1727 1203 mu-

205 1290 269 1340 V.
307 1288 503 1349 Quare
523 1286 698 1340 ceteri
717 1300 970 1338 sennone
989 1300 1085 1338 eas
1104 1286 1417 1341 tradidere:
1457 1288 1630 1357 aliqui
1656 1302 1725 1343 ne

140 1356 316 1425 effigie
333 1356 558 1423 quidem
575 1356 850 1419 indicata,
891 1363 948 1407 et
969 1356 1129 1407 nudis
1150 1356 1472 1426 plerumque
1496 1360 1727 1409 nomini-

141 1427 238 1477 bus
277 1425 560 1487 defuncti,
601 1425 860 1491 quoniam
905 1428 1041 1477 satis
1082 1423 1376 1477 videbatur
1418 1434 1725 1495 potestates

141 1493 354 1561 vimque
375 1494 764 1546 demonstrare
793 1508 1063 1560 quaerere
1102 1495 1433 1548 volentibus.
1506 1496 1618 1550 Nec
1641 1503 1727 1549 est

137 1561 358 1617 diffletis
395 1565 645 1632 cognita.
719 1563 894 1616 Nobis
931 1569 1100 1626 certe,
1140 1567 1385 1633 exceptis
1427 1565 1723 1618 admodum

137 1635 340 1698 paneis,
381 1634 624 1700 eontigit
647 1633 886 1700 reliquas
915 1632 1281 1702 contemplari
1307 1635 1725 1686 seientiaAnto·

135 1704 208 1754 nii
227 1705 495 1767 castoris,
540 1704 630 1753 eui
673 1717 888 1754 summa
928 1705 1235 1752 auotoritas
1278 1710 1399 1754 erat
1438 1705 1493 1752 in
1518 1719 1584 1754 ea
1604 1699 1725 1755 arte

137 1779 324 1824 nostro
343 1789 482 1824 aevo
498 1809 514 1834 ,
555 1771 786 1824 visendo
812 1771 1037 1822 hortulo
1066 1771 1211 1834 eius,
1246 1771 1303 1820 in
1326 1784 1432 1836 quo
1456 1771 1724 1838 plurimas

137 1841 334 1904 alebat,
353 1841 717 1894 centesimum
739 1841 943 1893 aetatis
965 1852 1166 1891 annum
1190 1839 1477 1901 excedens,
1514 1839 1725 1892 nullum

135 1912 382 1977 eorporis
405 1909 616 1961 malum
640 1916 921 1976 expertus,
968 1924 1033 1960 ac
1069 1924 1140 1960 ne
1162 1914 1347 1961 aetate
1370 1907 1586 1976 quidem
1612 1923 1723 1960 me-

135 1982 308 2031 moria
327 1986 428 2032 aut
453 1979 648 2045 vigore
671 1979 968 2030 concussis.
1004 1977 1199 2046 Neque
1220 1976 1369 2030 aliud
1390 1979 1591 2029 mirata
1613 1993 1725 2030 ma-

133 2052 212 2116 gis
229 2049 542 2116 antiquitas
563 2048 891 2114 reperietur.
965 2047 1196 2101 Inventa
1230 2045 1557 2116 iampridem
1582 2048 1725 2098 ratio

133 2123 214 2169 est
229 2116 630 2185 praenuntians
651 2114 832 2179 horas,
855 2130 962 2167 non
985 2117 1151 2168 modo
1172 2119 1289 2170 dies
1312 2131 1379 2170 ae
1399 2122 1609 2178 noctes,
1630 2115 1726 2168 So-

135 2187 200 2237 lis
221 2188 528 2254 Lunaeque
548 2185 877 2238 defectuum.
948 2185 1129 2239 Durat
1149 2193 1259 2238 tam
1268 2203 1333 2238 en
1376 2186 1584 2236 tradita
1605 2199 1727 2252 per·

134 2259 314 2308 suasio
355 2257 418 2306 in
459 2267 662 2322 magna
689 2261 846 2321 parte
863 2254 1039 2322 vulgi,
1076 2257 1358 2307 veneficiis
1383 2261 1440 2305 et
1461 2254 1647 2305 herbis
1668 2253 1726 2306 id

135 2327 272 2394 cogi,
305 2337 547 2390 eamque
571 2335 696 2376 num
721 2323 1049 2376 feminarum
1076 2325 1366 2378 scientiam
1391 2323 1727 2390 praevalere.

137 2397 294 2447 Certe
337 2393 476 2462 quid
523 2407 632 2444 nou
675 2393 960 2459 replevere
999 2391 1205 2445 fabulis
1246 2391 1468 2445 Colchis
1509 2391 1725 2458 Medea,
1832 2405 1845 2419 '

135 2462 491 2535 aliaeque‚·in
514 2463 705 2528 primis
727 2462 870 2514 Itala
890 2464 1067 2523 Circe,
1093 2463 1200 2513 diis
1224 2463 1388 2514 etiam
1414 2461 1725 2530 adscripta‘!

137 2533 278 2584 unde
295 2533 550 2584 arbitror
571 2537 780 2593 natum,
799 2537 864 2582 ut
877 2530 1184 2597 Aeschylus
1206 2545 1237 2582 e
1256 2531 1647 2583 vetustissimis
1668 2533 1725 2582 in

139 2601 372 2664 poetica,
403 2600 672 2651 refertam
696 2599 916 2650 ltaliam
937 2599 1231 2650 herbarum
1254 2601 1506 2666 potentia
1528 2602 1726 2670 prode·-

139 2675 250 2722 τοῖς
291 2669 570 2735 multique
587 2669 855 2731 Circeios,
875 2669 969 2721 ubi
992 2668 1262 2721 habitavit
1282 2669 1400 2734 illa,
1420 2683 1616 2740 magno
1639 2681 1732 2719 ara
