2033 3044
279 138 587 191 NATUR.
621 137 958 191 HISTOR.
998 138 1162 191 Lm.
1198 138 1401 194 XXIV.
1438 139 1649 193 93-99.
1724 140 1789 194 35

203 242 308 295 lum
328 241 544 307 ingens,
587 246 844 292 contacto
887 241 1119 308 genitali
1146 243 1409 308 cuiusque
1433 243 1687 296 feminini
1708 260 1789 296 se·

203 326 316 371 xuS,
335 309 544 359 animal
563 310 620 359 in
651 311 949 375 perniciem
974 310 1083 377 agi.

269 379 436 431 XCV.
475 377 922 444 Myriophyllon,
954 378 1101 445 quod
1123 378 1301 429 nostri
1324 377 1677 429 millefolium
1702 395 1793 429 vo-

203 456 342 511 cant,
363 448 543 499 caulis
571 454 660 497 est
681 454 855 508 tener,
885 448 1087 499 similis
1110 446 1411 509 foeniculo,
1436 448 1685 513 plurimis
1705 448 1790 498 fo·

205 518 320 581 liis:
343 518 489 567 unde
509 522 571 567 et
591 530 792 567 nomen
813 518 1045 582 accep-it.
1084 516 1345 567 Nascitur
1365 518 1421 565 in
1437 516 1796 581 palustribus,

205 585 476 652 magnifici
498 600 640 635 usus
659 584 730 633 ad
751 586 997 637 vulnera.
1024 587 1158 637 Cum
1180 592 1337 637 aceto
1360 586 1575 636 bibitur
1596 585 1667 635 ad
1692 584 1797 635 dif-

207 654 482 707 ficultates
518 654 714 707 urinae
739 661 794 704 et
821 656 1055 717 vesicae,
1098 661 1155 705 et
1174 655 1429 720 suspiria,
1473 655 1798 719 praecipita-

205 725 379 789 tisque
399 738 470 774 ex
497 722 638 773 alto.
697 722 1101 776 Efficacissima
1120 725 1312 775 eadem
1335 724 1404 776 ad
1430 722 1677 774 dentium
1700 723 1796 772 do-

204 790 364 843 lores.
439 792 673 842 Etruria
697 788 803 841 hoc
829 792 1052 843 nomine
1077 793 1322 857 appellat
1346 792 1575 845 herbam
1599 792 1657 841 in
1680 806 1798 857 pra·

205 864 274 913 tis
294 868 514 913 tenuem
541 878 575 911 a
597 860 866 912 lateribus
899 860 1279 925 capillamenti
1316 861 1481 918 modo
1514 860 1795 919 foliosam‚

207 931 392 985 eximii
411 946 549 980 usus
577 930 650 981 ad
670 931 926 981 vulnera:
969 932 1137 982 boum
1168 946 1371 983 nervos
1398 932 1675 982 abscissos
1696 940 1796 979 vo-

205 1014 352 1051 mere
393 998 635 1051 solidari
676 1013 760 1061 ea,
788 1014 1103 1067 ‚rursusque
1138 999 1295 1067 iungi
1326 999 1523 1049 addita
1554 998 1799 1064 axungia

204 1068 504 1121 affirmanS.

265 1136 465 1191 xcvi.
505 1135 932 1188 Pseudobunion
965 1136 1099 1203 napi
1130 1136 1271 1187 folia
1302 1135 1485 1199 habet,
1526 1137 1798 1188 fruticans

206 1206 375 1273 palmi
417 1205 734 1259 altitudine.
808 1204 1223 1260 Laudatissima
1255 1206 1310 1255 in
1335 1208 1515 1258 Creta.
1592 1208 1800 1257 Contra

203 1279 443 1327 tormina
467 1280 634 1341 atque
655 1275 1044 1343 stranguriam,
1062 1276 1301 1328 laterum
1326 1277 1800 1342 praecordiorum-

203 1360 305 1413 que
330 1344 576 1404 dolores,
598 1344 866 1396 bibuntur
885 1346 1025 1395 rami
1046 1345 1161 1395 eius
1186 1345 1337 1411 quini
1358 1348 1563 1398 senive.

269 1412 491 1465 xcvu.
532 1410 802 1479 Myrrhis,
825 1428 982 1479 quam
1010 1414 1105 1463 alii
1128 1414 1511 1479 smyrrhizam‚
1531 1415 1629 1465 alii
1652 1429 1801 1481 myr-

203 1480 359 1534 rham
382 1491 618 1544 vocant,
659 1482 946 1534 simillima
965 1488 1053 1534 est
1075 1484 1307 1546 cicutae,
1347 1485 1507 1536 caule
1534 1484 1803 1550 foliisque

203 1561 262 1604 et
281 1551 441 1613 flore,
480 1553 662 1601 minor
683 1557 902 1602 tantum
926 1557 982 1604 et
1001 1553 1215 1614 exilior,
1258 1553 1382 1604 cibo
1406 1569 1514 1603 non
1538 1555 1799 1604 insuavis.

203 1623 330 1674 Ciet
357 1625 650 1673 menstrua
688 1627 744 1670 et
776 1629 966 1686 partus
1005 1637 1125 1672 cum
1160 1623 1302 1672 vino.
1374 1623 1541 1673 Aiunt
1565 1622 1801 1674 eandem

201 1695 389 1758 potam
433 1691 491 1739 in
526 1687 844 1754 pestilentia
882 1691 1183 1742 salutarem
1228 1705 1364 1740 esse.
1438 1691 1707 1742 Subvenit
1746 1695 1803 1740 et

201 1758 500 1826 phthisicis
524 1760 580 1808 in
603 1759 929 1809 sorbitione.
978 1755 1313 1809 Aviditatem
1339 1759 1446 1806 cibi
1467 1757 1621 1809 facit.
1664 1757 1803 1808 Pha-

203 1828 516 1894 langiorum
539 1841 752 1878 morsus
774 1827 1083 1894 restringit.
1132 1825 1381 1876 Hulcera
1402 1839 1618 1892 quoque
1640 1826 1693 1874 in
1718 1825 1802 1878 fa·

202 1897 286 1948 cie
307 1903 404 1947 aut
423 1896 610 1962 capite
641 1910 839 1947 succus
871 1899 986 1948 eius
1010 1896 1067 1946 in
1102 1908 1249 1962 aqua.
1279 1892 1465 1945 triduo
1488 1900 1805 1946 maceratae

198 1971 380 2017 sanat

270 2033 523 2088 xcvln.
564 2032 915 2099 Onobrychis
951 2034 1089 2084 folia
1118 2031 1288 2084 habet
1318 2032 1507 2094 lentis,
1550 2032 1809 2100 longiora

237 2104 390 2165 aulo,
436 2103 630 2154 florem
654 2104 962 2164 rubentem,
1006 2101 1250 2154 radicem
1275 2104 1530 2168 exiguam
1554 2109 1609 2152 et
1632 2103 1802 2168 graci-

221 2188 332 2225 em.
407 2171 677 2223 Nascitur
702 2172 851 2223 circa
871 2170 1072 2222 fontes.
1138 2170 1360 2222 Siccata
1385 2173 1438 2220 in
1462 2169 1677 2222 farinae
1698 2185 1810 2222 mo·-

199 2241 353 2303 dum,
376 2247 436 2292 et
456 2241 708 2306 inspersa
728 2240 859 2292 vino
883 2241 1029 2301 albo,
1051 2242 1395 2306 strangurias
1419 2239 1555 2289 finit.
1610 2239 1805 2290 Alvum

197 2311 373 2362 sistit.
400 2309 614 2362 Succus
635 2311 754 2360 eius
776 2311 1059 2375 perunctis
1076 2324 1197 2360 cum
1216 2309 1341 2360 oleo
1356 2309 1586 2358 sudores
1604 2317 1791 2362 movet

271 2379 468 2431 XCIX.
507 2379 566 2430 ln
595 2379 870 2444 promisso
897 2376 1193 2430 herbarum
1220 2376 1576 2436 mirabilium,
1621 2393 1811 2428 occur-

199 2449 278 2500 rit
305 2449 498 2515 aliqua
520 2449 710 2500 dicere
735 2454 792 2499 et
825 2449 892 2500 de
914 2448 1168 2514 Magicis.
1244 2447 1401 2506 Quae
1424 2448 1566 2495 enim
1592 2448 1811 2500 mirabi-

199 2517 373 2570 liores
413 2518 587 2568 sunt'!
628 2516 799 2568 Primi
845 2533 938 2567 eas
974 2519 1029 2566 in
1068 2522 1259 2566 nostro
1301 2515 1433 2565 orbe
1458 2516 1807 2568 celebravere

199 2585 560 2656 Pythagoras
599 2593 768 2651 atque
811 2585 1169 2638 Democritus
1188 2620 1202 2645 ,
1245 2586 1547 2635 consectati
1591 2587 1807 2651 Magos.

201 2657 506 2710 coracesia
529 2661 588 2708 et
613 2654 830 2706 callicia
851 2651 1207 2722 Pythagoras⁵
1227 2667 1419 2772 aqgam
1443 2654 1679 2720 glaciari
1702 2661 1809 2702 tra-
