2033 3044
259 96 564 151 NATUR.
601 94 948 147 Hls'roR.
989 95 1405 151 LlB.XX1V.
1450 94 1647 147 80-87.
1718 92 1784 148 31

193 199 488 254 oculorum
527 213 587 249 se
630 212 847 262 capere,
887 196 1193 264 adalligata
1233 198 1440 249 discuti
1475 198 1531 248 id
1554 198 1747 249 vitium
1770 216 1785 249 ι

189 282 417 335 quoquo
441 266 611 315 modo
637 280 770 315 vero
793 266 1082 317 collectam
1106 266 1475 317 iumentorum
1502 281 1788 332 pecorum·

187 352 294 403 que
320 334 502 386 oculis
525 334 830 384 salutarem
857 349 994 385 esse.

259 402 565 466 LXXXlll.
607 400 981 469 Chamaesyce
1004 402 1173 453 lentis
1194 400 1334 453 folia
1354 400 1546 463 habet,
1570 402 1706 453 nihil
1726 418 1788 455 se

191 472 538 532 attollentia,
565 468 624 520 in
649 470 820 521 aridis
843 472 1192 538 petrosisque
1213 486 1462 522 nascens.
1536 472 1787 522 claritati

191 542 504 600 oculorum,
527 545 585 590 et
606 546 801 590 contra
819 538 1149 591 suffusiones
1173 539 1485 600 utilissima,
1498 545 1556 591 et
1578 540 1793 590 cicatri-

194 626 306 671 ces,
322 609 616 677 caligines,
636 608 932 660 nubeculas
954 609 1007 657 in
1031 610 1160 659 vino
1184 613 1361 669 cocta,
1375 608 1623 660 inuncta.
1658 608 1792 661 Vul-

192 695 297 731 vae
342 678 566 729 dolores
605 677 767 729 sedat
806 678 1065 743 apposita
1102 678 1161 727 in
1202 678 1453 729 linteolo.
1515 676 1695 727 Tollit
1733 684 1793 729 et

193 761 458 801 verrucas
503 746 751 798 omnium
771 762 1031 814 generum
1056 746 1223 797 illita.
1276 745 1511 799 Prodest
1530 752 1587 797 et
1608 746 1793 797 ortho-

235 832 428 867 nolens.

195 832 232 885 P
271 879 576 937 Lxxxlv.
615 880 1033 933 chamaecissos
1075 884 1283 949 spicata
1305 889 1389 933 est
1412 883 1584 933 tritici
1610 882 1793 943 modo,

197 954 429 1004 ramulis
455 950 640 1017 quinis
663 948 802 1011 fere,
825 950 1062 1001 foliosa:
1102 967 1223 1002 cum
1258 950 1437 1011 floret,
1482 952 1795 1003 existimari

197 1029 388 1090 potest
419 1022 550 1072 alba
575 1018 742 1079 viola,
766 1019 950 1070 radice
971 1021 1155 1071 tenui:
1198 1020 1353 1071 cuius
1373 1020 1569 1071 bibunt
1588 1019 1790 1070 ischia-

197 1090 308 1143 dici
346 1088 488 1141 folia
525 1088 709 1139 tribus
736 1088 938 1148 obolis,
983 1092 1036 1138 in
1058 1089 1168 1139 vini
1213 1086 1431 1156 cyathis
1458 1089 1671 1140 duobus
1693 1087 1794 1142 vll

197 1160 412 1219 diebus,
447 1156 744 1209 admodum
769 1171 956 1207 antara
975 1158 1223 1223 potione.

265 1224 551 1280 LXXXV.
591 1225 1029 1277 chamaeleucen
1054 1226 1199 1292 apud
1230 1241 1329 1277 nos
1356 1225 1640 1287 farfarum,
1678 1226 1794 1278 sivo

197 1297 506 1365 farfugium
528 1302 752 1346 vocant.
824 1293 1083 1345 Nascitur
1102 1310 1261 1347 secus
1282 1294 1497 1357 fluvios,
1537 1296 1674 1347 folio
1700 1310 1793 1362 po-

199 1367 336 1432 puli,
376 1363 480 1415 sed
514 1362 801 1429 ampliore.
876 1364 1053 1415 Radix
1077 1365 1196 1415 eius
1218 1363 1521 1430 imponitur
1543 1363 1793 1416 carboni-

199 1437 300 1487 bus
325 1431 590 1503 cupressi,
633 1438 803 1498 atque
832 1433 878 1481 is
919 1432 1075 1485 nidor
1096 1449 1197 1499 per
1218 1434 1614 1485 infurnibulum
1638 1433 1797 1483 imbi-

198 1506 350 1557 bitur
382 1503 438 1562 in
464 1507 654 1554 vetere
679 1499 841 1552 tussi.

266 1569 575 1624 LXXXVI.
614 1569 1026 1635 Chamaepeuce
1046 1573 1205 1624 larici
1231 1572 1387 1624 foliis
1410 1572 1629 1636 similis,
1648 1572 1790 1623 lum-

198 1643 389 1693 borum
417 1647 477 1694 et
497 1640 693 1706 spinae
717 1639 1001 1691 doloribus
1029 1643 1251 1706 propria
1274 1649 1373 1693 est.

268 1709 840 1774 chamaecyparissos
875 1707 1045 1760 herba
1088 1725 1155 1760 ex
1176 1711 1302 1759 vino
1326 1716 1459 1776 pota
1481 1715 1679 1760 contra
1698 1725 1790 1760 ve-

200 1795 340 1832 nena
361 1780 707 1844 serpentium
735 1778 975 1826 omnium
999 1779 1462 1842 scorpionumque
1484 1777 1678 1843 pollet.

265 1848 712 1914 Ampeloprason
736 1845 790 1895 in
817 1847 1014 1896 vinetis
1039 1848 1300 1910 nascitur,
1340 1843 1497 1894 foliis
1517 1845 1687 1910 porri,
1708 1859 1794 1895 ru-

198 1923 290 1968 ctu
305 1917 513 1986 gravis.
555 1917 766 1967 contra
789 1918 1125 1981 serpentium
1149 1915 1295 1966 ictus
1320 1913 1533 1966 efficax.
1574 1913 1791 1964 Urinam

197 1995 253 2038 et
276 2001 492 2038 menses
518 1985 655 2036 ciet:
679 1985 1000 2049 eruptiones
1022 1999 1119 2034 san
1162 1985 1303 2034 uinis
1330 1999 1427 2051 per
1446 1982 1695 2050 genitale
1714 1985 1797 2034 in·

195 2053 352 2106 hibet
372 2059 568 2121 potum
610 2053 1054 2118 impositumque.
1181 2061 1307 2104 atur
1348 2061 1405 2106 et
1435 2067 1468 2102 a
1488 2057 1651 2118 partu
1674 2067 1793 2100 mu·

193 2124 445 2183 lieribus,
471 2127 531 2174 et
552 2128 750 2172 contra
772 2121 922 2172 canis
945 2137 1207 2172 morsum.

265 2195 351 2244 Ea
373 2206 597 2258 quoque
623 2205 761 2256 quae
783 2189 1008 2256 stachys
1032 2198 1277 2250 vocatur,
1300 2190 1453 2256 porri
1477 2188 1793 2240 similitudi-

195 2278 322 2312 nem
349 2261 539 2320 habet,
563 2259 906 2327 longioribus
927 2258 1085 2309 foliis
1109 2259 1482 2326 pluribusque,
1526 2264 1582 2307 et
1606 2257 1797 2308 odoris

193 2330 441 2392 iucundi,
462 2327 780 2395 colorisque
803 2329 854 2377 in
880 2327 1086 2378 luteum
1112 2330 1379 2380 inclinati.
1454 2326 1621 2378 Pellit
1646 2341 1793 2378 men·

191 2406 375 2452 strua.

265 2465 608 2519 LXXXVll.
649 2463 1041 2527 Clinopodion,
1088 2464 1186 2514 alii
1218 2463 1545 2524 cleonicion,
1588 2465 1684 2515 alii
1706 2481 1796 2531 zo-

195 2551 398 2604 pyron,
443 2533 540 2586 alii
568 2531 892 2599 ocymoides
925 2533 1231 2597 appellant,
1269 2533 1517 2598 serpyllo
1542 2533 1801 2594 similem,

195 2604 567 2665 surculosam,
611 2600 781 2667 palmi
813 2600 1133 2652 altitudine:
1180 2602 1429 2652 nascitur
1465 2602 1521 2650 in
1545 2602 1801 2668 petrosis,
