2033 3044
263 182 331 234 38
663 178 723 227 C.
759 176 1047 230 PL1N11
1082 178 1453 230 SECUNDI

263 282 386 333 dem
407 279 702 329 nominari.
773 280 1094 330 Hermesias
1116 281 1187 331 ab
1210 280 1402 331 eodem
1426 276 1677 341 vocatur,
1702 280 1775 331 ad
1794 281 1852 332 li-

257 352 424 402 beros
447 348 795 415 generandos
818 347 1077 413 pulchros
1098 348 1398 415 bonosque,
1420 364 1530 399 non
1556 349 1747 412 herba,
1759 350 1855 401 sed

261 419 593 482 compositio
635 434 668 468 e
707 418 922 469 nucleis
943 418 1141 481 pineae
1168 419 1325 467 nucis
1346 419 1499 468 tritis
1520 434 1645 469 cum
1670 420 1854 481 melle,

259 486 508 553 myrrha,
530 501 711 547 croco,
739 490 865 536 rino
887 487 1122 551 palmeo,
1144 494 1344 551 postea
1366 487 1617 537 admixto
1639 488 1855 538 theom·

259 558 447 607 brotio
471 564 528 607 et
551 556 714 616 lacte,
739 556 927 606 bibere
949 561 1311 621 generaturos
1331 557 1501 616 iubet,
1524 563 1585 605 et
1604 572 1639 606 a
1658 571 1851 607 conce—

259 633 361 694 ptu
386 640 684 691 puerperas
711 633 923 689 partum
963 624 1302 674 nutrientes:
1340 625 1423 673 ita
1444 628 1561 675 fieri
1586 625 1857 676 excellen-

261 703 351 746 tes
375 698 558 744 animo
583 702 642 744 et
659 692 870 752 forma,
913 698 1078 757 atque
1116 692 1304 743 bonos.
1377 695 1589 743 Harum
1614 695 1859 743 omnium

263 766 486 830 Magica
507 776 724 829 quoque
745 760 1019 811 vocabula
1038 762 1213 825 ponit.
1284 762 1504 812 Adiecit
1528 761 1614 811 his
1636 762 1859 828 Apollo-

261 833 450 894 dorus,
471 836 784 881 assectator
807 833 943 890 eius,
955 826 1182 881 herbam
1204 829 1709 896 aeschynomenen,
1731 846 1861 897 quo·

261 903 412 952 niam
436 901 914 967 appropinquante
935 914 1101 948 manu
1124 898 1264 949 folia
1276 898 1653 950 contraheret.
1677 902 1857 950 Aliam

263 970 507 1031 crocida‚
553 970 706 1020 cuius
727 974 879 1018 tactu
902 966 1207 1035 phalangia
1230 974 1595 1019 morerentur.
1669 970 1861 1019 Crate-

261 1056 362 1091 ras
417 1037 861 1097 oenotheridem,
925 1036 1081 1085 cuius
1134 1052 1362 1102 aspersu
1416 1054 1445 1087 e
1492 1038 1624 1087 rino
1664 1036 1862 1088 feritas

265 1111 509 1159 omnium
534 1106 854 1158 animalium
891 1105 1261 1172 mitigaretur.
1332 1108 1863 1173 Anacamp'serotem

263 1178 482 1229 celeber
505 1182 627 1227 arte
649 1174 1031 1225 Grammatica
1063 1174 1232 1240 paulo
1252 1180 1406 1235 ante,
1448 1175 1608 1225 cuius
1631 1176 1865 1225 omnino

259 1252 420 1296 tactu
461 1245 704 1295 redirent
734 1258 973 1303 amores,
1013 1244 1108 1293 vel
1130 1258 1251 1293 cum
1285 1244 1415 1294 odio
1458 1241 1715 1309 depositi.
1792 1244 1868 1295 Et

262 1313 480 1364 abunde
512 1314 589 1362 sit
619 1311 880 1363 hactenus
916 1312 1172 1377 attigisse
1202 1313 1445 1379 insignia
1474 1310 1773 1379 Magorum
1807 1313 1867 1363 in

262 1382 352 1433 his
375 1380 580 1441 herbis,
605 1379 716 1429 alio
739 1380 808 1431 de
829 1380 914 1430 his
940 1385 1160 1446 aptiore
1182 1382 1413 1431 dicturis
1438 1381 1581 1431 loco.

333 1450 472 1500 cm.
497 1446 783 1513 Eriphiam
811 1450 972 1501 multi
994 1450 1309 1516 prodidere.
1332 1450 1701 1501 scarabaeum
1728 1447 1871 1501 haec

261 1512 326 1570 iss
341 1534 516 1570 avena
539 1516 733 1579 habet,
777 1534 995 1569 sursum
1022 1518 1280 1571 deorsum
1318 1519 1704 1570 decurrentem
1738 1535 1867 1570 cum

263 1603 401 1640 sono
422 1586 617 1648 hoedi,
657 1587 803 1638 unde
827 1595 884 1640 et
905 1603 1105 1639 nomen
1130 1589 1360 1656 accepit.
1432 1589 1559 1640 Hac
1580 1587 1651 1638 ad
1672 1605 1869 1642 vocem

263 1657 407 1707 nihil
433 1657 810 1722 praestantius
836 1673 956 1708 esse
982 1658 1224 1708 tradunt.

337 1725 474 1777 CIV.
523 1725 715 1776 Herba
757 1726 976 1777 lanaria
1020 1727 1217 1778 ovibus
1254 1727 1458 1778 ieiunis
1502 1725 1659 1787 data,
1698 1727 1874 1778 lactis

266 1796 666 1849 abundantiam
688 1795 843 1847 facit.
916 1797 1101 1860 Aeque
1134 1801 1270 1846 nota
1298 1796 1531 1846 lactoris
1561 1795 1735 1860 vulgo
1760 1800 1872 1859 eat,

264 1867 430 1936 plena
449 1865 646 1927 lactis,
685 1865 832 1932 quod
856 1864 1209 1931 degustatum
1244 1865 1578 1916 vomitiones
1603 1866 1872 1915 concitat.

265 1936 516 1987 Eandem
561 1934 702 1984 hanc
745 1935 912 2000 aliqui
957 1947 1079 1984 esse
1108 1933 1317 1995 dicunt,
1358 1933 1456 1984 alii
1490 1933 1727 1985 similem
1764 1933 1873 1996 illi,

267 2017 430 2069 quam
471 2002 768 2053 militarem
809 2008 1031 2062 vocant,
1075 2005 1329 2068 quoniam
1371 2003 1569 2052 vulnus
1604 2002 1757 2054 ferro
1780 2003 1870 2054 fa-

268 2079 437 2133 ctum,
479 2071 692 2121 nullum
717 2085 824 2121 non
845 2071 996 2120 intra
1020 2069 1137 2122 dies
1162 2073 1399 2138 quinque
1419 2077 1597 2133 sanat,
1644 2086 1713 2122 ex
1736 2072 1873 2124 oleo

267 2141 341 2191 im
387 2143 550 2191 osita.

341 2155 451 2260 (ΡΝ.
475 2209 798 2260 celebratur
821 2213 1006 2258 autem
1032 2215 1091 2259 et
1111 2225 1145 2260 a
1166 2209 1399 2259 Graecis
1422 2208 1732 2268 straticum,
1766 2209 1877 2259 sed

271 2291 338 2329 ea
355 2279 411 2329 in
431 2279 689 2342 Aegypto
729 2282 947 2326 tantum
986 2282 1045 2327 et
1077 2277 1438 2328 inundatione
1460 2277 1577 2328 Nili
1602 2277 1876 2339 nascitur,

270 2348 431 2398 aizoo
464 2346 680 2405 similis,
721 2346 779 2394 ni
810 2347 1022 2395 maiora
1058 2344 1283 2398 baberet
1321 2345 1475 2397 folia.
1548 2345 1877 2412 Refrigerat

269 2415 430 2475 mire,
457 2419 514 2464 et
535 2414 766 2464 vulnera
791 2403 952 2464 sanat
973 2427 1041 2464 ex
1066 2422 1224 2465 aceto
1247 2414 1419 2465 illita:
1442 2416 1577 2464 item
1602 2417 1762 2481 ignes
1785 2429 1878 2465 aa·

271 2493 413 2540 cros,
455 2495 520 2530 ac
543 2483 983 2545 suppurationes,
1059 2481 1390 2548 Sanguinem
1416 2498 1633 2548 quoque
1657 2482 1754 2548 qui
1778 2481 1879 2536 de-

269 2546 392 2624 fluit
433 2559 466 2595 a
503 2549 727 2599 renibus
743 2584 758 2610 ‚
801 2556 934 2613 pota
973 2565 1099 2600 cum
1142 2550 1303 2602 thure
1348 2551 1596 2601 masculo
1622 2552 1875 2604 mirifice

269 2619 439 2662 sistit.

343 2679 484 2730 cvl.
516 2677 708 2730 Herba
748 2683 806 2731 in
838 2684 1020 2748 capite
1051 2691 1272 2736 statuae
1312 2694 1472 2748 nata,
1515 2687 1875 2756 collectaque
