2033 3044
356 168 463 224 282
752 170 813 222 C.
870 167 1132 223 PLINll
1185 164 1564 230 SECUNDi

355 265 459 324 hos
482 269 819 339 adalligatos
860 273 1114 340 protinus
1136 270 1350 323 mederi
1367 271 1586 324 tradunt
1603 268 1905 330 infantibus,

356 339 559 407 siquid
582 355 648 391 ex
672 341 799 392 cibo
818 339 1059 392 haereat.

426 408 675 462 vaffl.
712 409 945 462 Somnos
980 409 1160 460 allicit
1199 423 1468 476 oesypum
1509 425 1627 460 eum
1673 407 1912 476 myrrhae

364 485 643 530 momento
664 479 719 529 in
748 479 859 529 vini
880 479 1100 546 cyathis
1132 478 1346 535 duobus
1387 479 1652 540 dilutum,
1693 478 1776 528 vel
1805 492 1915 528 cum

368 550 533 614 adipe
554 551 809 601 anserino
832 556 888 600 et
908 549 1040 599 vino
1061 549 1321 614 myrtite:
1355 549 1478 599 avis
1499 549 1720 599 cuculus
1739 547 1918 614 lepori·

368 633 439 670 na
460 618 605 684 pelle
628 617 995 684 adalligatus:
1039 617 1299 669 ardeolae
1323 625 1566 668 rostrum
1589 618 1644 667 ia
1667 616 1804 682 pelle
1821 617 1914 666 asi-

366 688 497 740 nina
527 686 698 738 fronti
739 686 1124 754 adalligatum.
1195 685 1405 738 Putant
1427 693 1486 738 et
1507 702 1610 752 per
1627 701 1687 737 se
1707 691 1918 738 rosta-um

369 756 614 809 eiusdem
670 754 900 807 effeetus
946 771 1068 807 esse
1112 757 1238 806 vino
1281 755 1570 808 collutum.
1643 757 1688 806 E
1723 755 1916 808 diverso

367 840 619 877 somnum
653 831 808 876 arcet
848 823 1260 890 vespertilionis
1301 832 1470 892 caput
1497 824 1710 876 aridum
1745 823 1918 876 adalli—

406 901 571 946 amm.

366 911 405 963 g
436 963 633 1015 xmx.
668 965 731 1015 ln
773 963 933 1014 urina
970 962 1124 1014 virili
1162 962 1375 1014 lacerta
1413 969 1642 1026 necata,
1678 962 1918 1016 Venerem

368 1034 489 1087 eius
508 1034 602 1099 qui
620 1031 837 1096 fecerit,
876 1029 1109 1083 inhibet.
1179 1031 1322 1084 Nam
1365 1034 1514 1085 inter
1533 1033 1798 1086 amatoria
1812 1043 1918 1082 esse

366 1103 523 1168 Magi
544 1102 752 1154 dicunt.
824 1099 1042 1152 inhibet
1073 1107 1131 1154 et
1169 1102 1356 1153 fimum
1379 1101 1646 1154 cochleae
1667 1109 1720 1154 et
1739 1101 1916 1154 colum-

365 1173 549 1224 binum
576 1187 693 1222 cum
718 1171 842 1226 oleo
866 1176 923 1222 et
943 1171 1074 1223 vino
1095 1177 1301 1236 potum.
1376 1171 1668 1224 Pulmonis
1687 1167 1920 1222 vulturini

368 1241 595 1292 dextrae
632 1247 817 1306 partes
837 1238 1110 1292 Venerem
1150 1241 1431 1294 concitant
1451 1242 1588 1292 viris
1613 1241 1920 1307 adalligatae

367 1310 521 1375 gruis
542 1308 705 1374 pelle.
772 1309 910 1374 Item
930 1310 981 1360 si
1002 1309 1158 1362 lutea
1179 1325 1246 1362 ex
1269 1312 1386 1360 ovis
1409 1312 1654 1377 quinque
1677 1307 1920 1363 columba·

366 1393 508 1437 rum,
530 1376 775 1428 admixto
798 1375 981 1442 adipis
998 1379 1156 1430 suilli
1177 1378 1393 1430 denarii
1413 1381 1679 1445 pondere,
1699 1397 1774 1433 ex·
1783 1376 1920 1430 melle

366 1447 709 1498 sorbeantur.
780 1444 1042 1500 Passeres
1064 1449 1119 1498 in
1141 1449 1283 1510 cibo,
1307 1448 1397 1502 vel
1421 1463 1530 1500 ova
1553 1465 1760 1504 eorum.
1811 1447 1918 1498 Gal-

365 1517 562 1569 linacei
580 1516 777 1570 dexter
790 1517 955 1569 testis
975 1519 1214 1571 arietina
1225 1517 1374 1585 pelle
1393 1518 1754 1586 adalligatus.
1773 1518 1920 1570 lbium

368 1588 581 1640 cineres
602 1602 726 1639 cum
750 1587 914 1654 adipe
932 1588 1150 1645 anseris
1169 1595 1226 1639 et
1245 1590 1394 1641 irino
1412 1593 1718 1655 perunctis,
1755 1590 1920 1641 sicon-

368 1663 557 1725 ceptus
579 1658 670 1719 sit,
704 1663 896 1723 partus
927 1657 1240 1715 >continere=
1285 1665 1490 1713 contra
1517 1658 1758 1711 inhiberi
1775 1658 1920 1709 Vene-

366 1742 482 1780 rem
502 1728 831 1794 pugnatoris
852 1726 988 1792 galli
1027 1726 1302 1783 testiculis
1325 1728 1589 1780 anserino
1609 1730 1772 1795 adipe
1785 1724 1920 1779 illitis

368 1796 797 1863 adalligatisque
829 1796 975 1863 pelle
1016 1796 1253 1848 arietina
1273 1797 1519 1847 tradunt.
1593 1800 1734 1851 ltem
1771 1796 1918 1849 cuius-

368 1881 580 1933 cunque
601 1866 739 1933 galli
760 1865 1082 1932 gallinacei,
1123 1868 1170 1917 si
1195 1881 1317 1917 cum
1348 1868 1620 1933 sanguine
1661 1862 1922 1937 gallinacei

367 1936 515 1987 lecto
537 1936 916 1987 subiiciantur.
990 1936 1208 2001 Cogunt
1245 1936 1536 2001 concipere
1573 1938 1776 1989 invitas
1791 1940 1922 1985 setae

368 2020 435 2056 ex
460 2002 639 2056 cauda
658 2004 857 2068 mulae,
892 2004 942 2055 si
963 2004 1166 2058 iunctis
1187 2004 1517 2067 evellantur,
1549 2007 1705 2059 inter
1721 2020 1778 2059 se
1797 2002 1922 2057 eolli-

366 2080 532 2143 gatae
552 2074 610 2125 in
630 2076 799 2125 coitu.
872 2074 982 2136 Qui
1023 2076 1080 2125 in
1116 2075 1330 2125 urinam
1353 2075 1506 2127 canis
1524 2091 1688 2129 suam
1711 2078 1920 2144 inge-se·

366 2143 461 2207 rit,
484 2144 689 2193 dicitur
708 2143 779 2194 ad
799 2141 1070 2197 Venerem
1109 2144 1324 2211 pigrior
1362 2144 1504 2195 fieri.
1579 2147 1784 2199 Mirum
1797 2150 1851 2197 et
1867 2142 1922 2193 de

366 2210 641 2265 stellionis
665 2214 847 2264 cinere
868 2213 942 2278 (si
963 2228 1153 2269 verum
1178 2219 1285 2273 est)
1309 2213 1622 2267 linamento
1643 2216 1920 2269 involutum
1976 2240 1977 2258 η

364 2283 427 2333 in
463 2283 689 2334 sinistra
726 2296 887 2332 manu
911 2277 1184 2335 Venerem
1207 2281 1531 2335 stimulare:
1571 2286 1622 2337 si
1654 2284 1918 2339 transfera-

363 2351 532 2403 turin
562 2352 832 2413 dextram,
868 2348 1138 2411 inhibere.
1207 2353 1347 2409 ltem
1387 2356 1798 2420 vespertilionis
1823 2366 1920 2404 san·

443 2420 907 2477 inemeollectum
930 2418 1615 2490 flocco‚1suppositumque
1641 2426 1808 2491 capiti
1827 2436 1918 2473 mu·

391 2486 586 2562 iorum,
628 2489 923 2541 libidinem·
948 2504 1172 2545 movere
1189 2508 1206 2541 ι
1244 2497 1342 2541 aut
1383 2493 1598 2545 anseris
1619 2494 1851 2562 linguam
1871 2492 1915 2541 in
1974 2460 1975 2510 ¹

368 2553 493 2605 mbo
512 2556 603 2605 vel
623 2558 853 2621 potione
876 2565 1133 2613 sumtam.

435 2617 501 2667 Ι...
536 2621 877 2699 lfhthirinsin
898 2626 931 2679 a‘
955 2634 1078 2678 toto
1101 2642 1330 2693 corpore
1349 2634 1491 2695 pota
1517 2632 1830 2683 membrana
1845 2642 1914 2679 se·

368 2688 607 2737 nectutis
630 2693 885 2769 anguium
906 2696 1096 2747 triduo
1117 2704 1300 2749 necat:
1319 2714 1388 2753 ac
1407 2712 1594 2755 serum
1613 2705 1826 2753 exemto
1841 2712 1910 2750 ω·
1972 2752 1973 2764 ,
