2033 3044
218 185 528 240 NATUR.
572 183 918 238 HIS'I'OR.
962 186 1126 238 LIB.
1157 181 1353 239 XXV.
1391 185 1476 240 21.
1499 186 1588 238 22.
1661 187 1730 240 55

158 289 511 355 celeriterque
532 287 792 339 fodiatur.
862 288 1094 356 Nigrum
1119 289 1212 338 alii
1237 296 1487 343 ectomon
1509 301 1730 360 vocant,

156 359 245 410 aiii
262 357 656 425 polyrrhizon:
688 365 891 424 purgat
914 372 1013 424 per
1035 358 1270 410 inferna:
1315 363 1602 413 candidum
1629 379 1725 415 au·

155 437 251 479 tem
276 427 599 490 vomitione,
611 441 911 493 causasque
930 430 1244 480 morborum
1270 429 1536 481 extrahit:
1561 443 1728 500 quon-

154 497 266 548 dam
290 497 571 559 terribile,
607 503 801 563 postea
822 503 933 546 tam
968 499 1358 562 promiscuum,
1399 506 1460 550 ut
1481 501 1727 568 plerique
1803 533 1811 539 =

152 568 455 618 studiorum
499 567 686 634 gratia
721 564 789 616 ad
824 568 1161 632 pervidenda
1183 569 1381 630 acrius,
1422 585 1562 634 quae
1585 587 1730 620 com-

154 637 551 697 mentabantur,
570 634 785 702 saepius
807 636 1234 689 sumtitaverint.
1283 638 1618 690 Carneadem
1642 655 1729 691 re-

152 713 477 771 sponsurum
499 705 736 756 Zenonis
760 705 943 757 libris:
962 705 1204 757 Drusum
1225 721 1440 776 quoque
1453 709 1595 773 apud
1609 723 1729 768 nos,

152 776 487 827 tribunorum
512 775 859 840 popularium
880 775 1385 837 clarissimum,(cui
1403 784 1529 829 ante
1541 793 1728 828 omnes

152 843 299 910 plebs
318 849 479 895 stans
502 843 728 908 plausit,
744 845 1042 910 optimates
1057 861 1189 896 vero
1211 845 1414 900 bellum
1429 845 1726 897 Marsicum

152 915 543 979 imputaverez)
586 919 807 964 constat
846 912 951 964 hoc
992 913 1391 967 medicamento
1436 913 1726 968 liberatum

153 983 418 1034 comitiali
439 984 634 1034 morbo
656 983 712 1033 in
733 985 995 1050 Anticyra
1027 985 1223 1035 insula.
1295 986 1381 1036 Ibi
1401 987 1544 1036 enim
1566 987 1726 1036 tutis-

151 1053 274 1104 sime
297 1053 564 1113 sumitur,
604 1053 861 1119 quoniam
887 1057 973 1112 (ut
994 1053 1252 1116 diximus)
1279 1055 1615 1106 sesamoides
1637 1053 1728 1105 ad-

150 1124 393 1174 miscent.
467 1121 631 1172 ltalia
650 1128 924 1172 veratrum
950 1129 1131 1173 vocat.
1186 1123 1390 1174 Farina
1413 1139 1600 1175 eorum
1629 1137 1728 1191 per

150 1207 219 1254 se,
238 1199 292 1242 et
312 1191 497 1241 mixta
514 1190 783 1276 radiqula,
808 1206 914 1256 qua
934 1192 1092 1243 lanas
1116 1191 1354 1244 diximus
1374 1193 1566 1256 lavari,
1591 1201 1729 1244 ster-

150 1266 461 1312 numentum
482 1259 648 1322 facit,
687 1263 956 1327 amboque
978 1276 1248 1314 somnum.
1320 1262 1607 1330 Leguntur
1627 1279 1725 1314 au·

152 1335 253 1382 tem
268 1329 639 1382 tenuissimae
662 1329 875 1381 radices
895 1330 1228 1398 brevesque,
1247 1353 1250 1358 ·
1270 1347 1337 1382 ac
1365 1333 1520 1384 velut
1540 1333 1729 1384 decur-

150 1407 289 1452 tatae
316 1399 491 1452 etiam
515 1397 637 1451 hae.
686 1399 828 1450 Nam
852 1414 1080 1463 summa,
1103 1416 1240 1468 quae
1263 1408 1348 1453 est
1369 1403 1727 1463 crassissima,

154 1472 328 1539 caepis
374 1469 598 1531 similis,
642 1468 871 1520 canibus
913 1476 1127 1520 tantum
1171 1471 1337 1524 datur
1376 1473 1728 1541 purgationis

152 1554 327 1593 causa.
398 1540 631 1607 Antiqui
654 1540 894 1591 radicem
918 1541 1126 1592 cortice
1153 1556 1314 1608 quam
1339 1544 1726 1595 carnosissimo

148 1611 473 1679 seligebant,
510 1625 617 1677 quo
640 1610 864 1661 tenuior
884 1613 1217 1661 nximeretur
1235 1612 1495 1663 medulla.
1566 1616 1728 1663 Hanc

150 1676 385 1732 humidis
405 1679 659 1746 spongiis
684 1688 931 1745 opertam
950 1714 966 1741 ,
1009 1683 1523 1747 turgescentemque
1544 1697 1646 1732 acu
1667 1682 1728 1730 in

150 1748 554 1816 longitudinem
598 1748 897 1801 findebant.
968 1747 1186 1799 Deinde
1209 1748 1306 1798 fila
1333 1750 1392 1799 in
1413 1751 1608 1800 umbra
1629 1750 1731 1799 sic·

153 1820 363 1881 cabant,
408 1818 484 1868 iis.
521 1823 767 1869 utentes:
810 1832 951 1867 nunc
980 1816 1228 1867 ramulos
1260 1818 1415 1882 ipsos
1447 1819 1514 1867 ab
1539 1819 1728 1869 radice

154 1903 301 1953 quam
327 1887 647 1956 gravissimi
671 1888 895 1939 corticis
915 1888 997 1937 ita
1019 1886 1171 1936 dant.
1243 1887 1540 1951 Optimum,
1585 1887 1732 1953 quod

154 1972 267 2009 acre
289 1964 461 2025 gustu
484 1956 830 2023 fervensque,
853 1957 911 2006 in
938 1954 1244 2021 frangendo
1267 1957 1542 2022 pulverem
1567 1957 1728 2008 emit-

46 2046 57 2055 ·
154 2027 231 2076 tit.
296 2029 523 2079 Durare
543 2028 654 2077 vim
678 2028 797 2079 eius
821 2025 979 2077 XXX
1001 2024 1158 2077 annis
1180 2023 1384 2075 ferunt.
1425 2046 1430 2050 ·

214 2096 387 2149 xxn.
415 2097 648 2162 Nigrum
672 2096 923 2147 medetur
940 2095 1290 2162 paralyticis.
1316 2096 1732 2156 insanientibus,

155 2162 489 2232 hydropicis,
504 2166 631 2215 dum
656 2166 795 2216 citra
815 2163 1300 2231 febrim,podagris
1323 2165 1617 2226 veteribuS,
1643 2180 1729 2215 ar-

154 2236 414 2287 ticulariis
437 2236 667 2285 morbis.
740 2234 941 2286 Trahit
964 2235 1163 2295 alvum,
1194 2242 1250 2285 et
1267 2234 1457 2298 bilem,
1481 2234 1732 2301 pituitas-

156 2318 265 2369 que.
336 2305 427 2357 Ex
468 2320 615 2370 aqua
654 2304 817 2355 datur
844 2304 914 2355 ad
933 2304 1134 2355 leniter
1154 2303 1507 2355 molliendam
1530 2304 1733 2364 alvum,

159 2373 452 2437 plurimum
476 2372 986 2435 drachma‚modice
1008 2380 1246 2440 quatuor
1271 2373 1467 2425 obolis.
1493 2374 1734 2425 Miscue-

160 2456 207 2494 τε
226 2444 403 2512 aliqui
426 2450 485 2495 et
505 2458 929 2505 scammoneam,
953 2442 1052 2495 sed
1073 2444 1248 2494 tuti'us
1271 2444 1462 2494 salem.
1540 2446 1594 2493 ln
1618 2444 1734 2493 dul·

161 2512 301 2565 cibus
338 2514 529 2565 datum
566 2513 847 2579 copiosius
880 2512 1186 2579 periculum
1209 2510 1406 2562 infert:
1449 2512 1732 2564 oculorum

159 2582 444 2651 caliginem
488 2581 615 2633 fotu
657 2582 909 2632 discutitz
953 2582 1023 2631 ob
1057 2579 1113 2631 id
1149 2579 1368 2647 quidam
1393 2586 1449 2633 et
1470 2583 1734 2636 inunxere

158 2651 301 2703 trito.
324 2650 599 2713 strumas,
620 2657 936 2716 suppurata,
960 2650 1197 2701 duritias
1221 2650 1509 2717 concoquit
1531 2658 1588 2703 et
1612 2666 1738 2719 pur-

152 2726 270 2780 gat:
294 2722 433 2775 item
456 2721 694 2782 fistulas,
715 2721 883 2773 tertia
903 2721 993 2784 die
1014 2726 1306 2773 exemtum.
1341 2720 1610 2773 Verrucas
1634 2720 1736 2771 tol*
