2033 3044
206 177 244 229 6
595 176 654 227 C.
701 174 978 230 PLINII
1028 174 1401 230 SECUNDI

207 278 516 339 convulsis,
559 280 850 345 spasticis,
900 280 1278 347 stranguriae,
1320 278 1532 341 vulvis,
1568 278 1823 333 admoti:

205 355 402 400 contra
424 349 642 413 lepores
664 350 925 411 marinos,
969 350 1272 417 eademque
1294 364 1434 415 quae
1458 364 1651 415 supra:
1700 352 1826 403 col-

203 418 566 479 lectionibus,
587 416 1243 484 inflammationibusque.

277 487 426 538 Xlll.
463 486 550 537 De
583 487 821 553 galbano
856 486 1119 538 diximus,
1192 486 1384 553 Neque
1416 486 1703 539 humidum
1728 504 1827 541 ne-

209 571 318 624 que
341 555 554 607 aridum
591 557 874 621 probatur,
917 555 1018 607 sed
1050 556 1214 622 quale
1246 556 1553 608 docuimus.
1626 556 1739 610 Per
1760 573 1829 611 se

207 626 421 677 bibitur
447 625 516 676 ad
540 626 738 675 tussim
761 632 1028 688 veterem,
1052 626 1309 692 suspiria,
1330 632 1515 692 rupta,
1536 626 1829 679 convulsa.

208 694 524 763 Imponitur
555 693 894 754 ischiadicis,
934 693 1131 745 lateris
1159 695 1467 757 doloribus,
1512 698 1693 761 panis,
1738 696 1829 747 fu-

208 766 476 826 runculis,
499 764 721 830 corpori
745 765 814 814 ab
836 762 1057 814 ossibus
1079 764 1379 828 recedenti,
1406 767 1653 829 strumis,
1679 767 1823 817 arti-

210 834 461 885 culorum
487 832 663 895 nodis,
689 833 938 885 dentium
963 848 1182 899 quoque
1203 833 1510 886 doloribus.
1570 836 1829 887 illinitur

209 910 268 955 ot
293 918 414 955 cum
449 902 614 954 melle
645 905 844 968 capitis
876 902 1215 954 hulceribus.
1288 904 1608 955 Purulentis
1638 904 1828 955 infun·

207 972 359 1025 ditur
379 972 609 1023 auribus
631 988 752 1023 cum
771 986 1024 1035 rosaceo,
1056 979 1158 1024 aut
1180 974 1373 1025 nardo.
1448 974 1633 1026 Odore
1655 975 1831 1025 comi·

205 1043 434 1094 tialibus
457 1043 728 1105 subvenit,
751 1048 809 1093 et
831 1043 998 1094 vulva
1020 1044 1428 1109 strangulante,
1452 1049 1509 1094 et
1533 1045 1591 1093 in
1612 1050 1825 1095 stoma-

207 1112 304 1164 chi
325 1111 566 1164 defectu.
639 1114 880 1163 Abortus
915 1127 1028 1163 non
1062 1119 1331 1164 exeuntes
1352 1111 1528 1162 trahit
1557 1108 1830 1180 appositu

206 1182 301 1233 vel
332 1180 549 1231 suffitu:
595 1181 731 1232 item
761 1182 932 1232 ramis
965 1181 1198 1233 ellebori
1233 1181 1607 1233 circumlitum
1652 1189 1828 1251 atque

207 1252 538 1302 subiectum.
635 1250 930 1316 Serpentes
954 1250 1151 1301 nidore
1174 1251 1449 1303 urentium
1473 1250 1660 1317 fugari
1684 1251 1829 1303 dixi-

207 1336 349 1371 mus.
423 1318 675 1386 Fugiunt
699 1326 755 1371 et
781 1328 1086 1386 perunctos
1110 1322 1352 1387 galbano
1368 1357 1383 1381 ‚
1428 1321 1690 1373 Medetur
1711 1326 1770 1374 et
1794 1336 1831 1373 a

209 1389 507 1456 scorpione
531 1392 826 1455 percussis.
898 1390 1124 1441 Bibitur
1154 1392 1286 1441 etin
1310 1390 1519 1443 difficili
1546 1398 1711 1457 partu
1745 1390 1831 1443 fa-

207 1460 318 1511 bae
341 1459 723 1527 magnitudine
761 1460 816 1509 in
855 1459 970 1510 vini
993 1458 1227 1526 cyatho:
1270 1462 1575 1528 vulvasque
1596 1474 1829 1512 conver·

211 1545 304 1583 sas
327 1531 580 1596 corrigit.
654 1532 788 1581 Cum
813 1528 1044 1595 myrrha
1064 1535 1249 1582 autem
1273 1537 1328 1581 et
1351 1532 1407 1580 in
1428 1533 1554 1582 vino
1575 1537 1831 1583 mortuos

211 1606 408 1668 partus
430 1599 692 1651 extrahit.
765 1597 1106 1650 Adversatur
1128 1605 1185 1650 et
1206 1601 1451 1661 venenis,
1484 1603 1723 1653 maxime
1743 1609 1835 1654 to·

211 1669 372 1730 xicis,
419 1684 544 1719 cum
589 1666 836 1735 myrrha,
877 1674 935 1719 et
967 1667 1024 1717 in
1048 1668 1194 1719 vino.
1268 1669 1568 1735 Serpentes
1600 1671 1727 1722 oleo
1772 1675 1834 1723 et

215 1739 518 1807 spondylio
539 1741 715 1789 mixto
741 1743 898 1790 tactu
921 1743 1101 1790 necat.
1174 1737 1392 1792 Nocere
1416 1741 1611 1792 urinae
1634 1740 1830 1792 existi-

121 1819 132 1826 “
215 1817 419 1862 matur.

288 1877 439 1930 XIV.
479 1877 690 1930 Similis
716 1877 1114 1930 Hammoniaci
1135 1885 1339 1930 natura
1360 1885 1527 1945 atque
1547 1879 1832 1941 lacrimae,

217 1948 560 2018 probandae,
600 1953 664 1998 ut
710 1948 977 1998 diximus:
1022 1947 1226 2009 mollit,
1266 1949 1539 2011 calefacit,
1584 1949 1835 2012 discutit,

219 2017 497 2071 dissolvit.
555 2017 815 2066 Claritati
841 2018 990 2067 visus
1011 2017 1066 2067 in
1094 2017 1349 2084 collyriis
1374 2019 1655 2069 convenit.
1693 2018 1831 2070 Pru·

101 2079 116 2096 ⁹
217 2089 409 2147 ritum,
448 2086 760 2146 cicatrices,
803 2086 1097 2152 albugines
1119 2087 1406 2139 oculorum
1430 2088 1605 2139 tollit.
1678 2087 1832 2139 Den-

220 2160 364 2209 tium
400 2155 626 2207 dolores
658 2155 849 2216 sedat,
894 2155 1179 2208 efficacius
1210 2173 1519 2208 accensum.
1596 2156 1837 2209 Prodest

223 2227 589 2294 dyspnoicis,
632 2225 976 2291 pleuriticis,
1023 2226 1405 2292 pulmonibus,
1448 2226 1681 2290 vesicis,
1724 2229 1836 2280 uri·

223 2311 328 2347 nae
351 2302 634 2356 cruentae,
655 2295 811 2356 lieni,
831 2294 1155 2348 ischiadicis
1176 2303 1383 2363 potum.
1459 2293 1551 2346 Sic
1572 2299 1630 2346 et
1652 2295 1836 2348 alvum

222 2365 412 2422 solvit.
484 2365 752 2416 Articulis
785 2372 844 2417 et
868 2365 1151 2434 podagrae
1186 2382 1307 2416 cum
1342 2366 1464 2433 pari
1490 2364 1736 2431 pondere
1756 2369 1839 2432 pi·

228 2435 310 2486 cis
343 2440 442 2484 aut
479 2449 640 2485 cerae
683 2439 740 2487 et
779 2449 1011 2487 rosaceo
1050 2442 1286 2486 coctum.
1360 2437 1613 2486 Maturat
1643 2450 1838 2501 panos,

231 2501 477 2569 extrahit
500 2504 687 2554 clavos
723 2521 844 2556 cum
878 2505 1062 2556 melle.
1135 2504 1229 2556 Sic
1260 2511 1317 2556 et
1340 2505 1578 2556 duritias
1601 2505 1836 2556 emollit.

227 2572 394 2625 Lieni
417 2587 538 2623 cum
563 2579 720 2624 aceto
751 2581 808 2625 et
829 2590 959 2626 cera
985 2574 1210 2639 Cypria,
1248 2576 1336 2625 vel
1357 2589 1613 2638 rosaceo,
1652 2573 1836 2627 effica-

231 2643 456 2694 cissime
480 2642 798 2708 imponitur.
869 2643 1256 2694 Lassitudines
1278 2644 1511 2712 perungi
1532 2659 1657 2696 cum
1674 2649 1838 2698 aceto

233 2719 293 2767 ct
315 2711 462 2775 oleo,
485 2711 797 2778 exiguoque
818 2715 983 2775 nitro,
1009 2712 1151 2764 utile
1175 2719 1279 2765 est.
