2033 3044
280 138 380 193 130
627 138 688 188 e.
730 115 1005 189 pnmu
1071 132 1430 188 sucum„

274 241 464 298 radice
484 240 651 309 longa
666 240 858 301 rutila.
923 238 1190 291 Nascitur
1210 237 1264 288 in
1288 236 1479 303 petris,
1501 234 1630 287 ideo
1653 243 1864 301 petrae-

283 324 373 365 um
397 311 873 379 cognominatum:
910 310 1266 359 utilissimum
1291 304 1579 367 lateribus,
1617 306 1868 373 renibus,

280 380 625 442 torminibus,
668 379 895 447 pectori,
936 376 1281 445 pulmonibus
1322 375 1644 442 sanguinem
1683 375 1864 427 reiici-

282 448 518 513 entibus,
558 448 809 504 saucibus
830 448 1058 513 asperis.
1128 447 1350 499 Bibitur
1371 444 1534 495 radix
1553 445 1712 509 trita,
1733 451 1792 497 et
1809 445 1863 494 in

280 522 409 573 vino
452 520 699 580 decocta,
739 528 795 571 et
835 516 1134 584 aliquando
1178 517 1554 585 superunitur.
1627 518 1780 579 Quin
1813 521 1866 567 et

283 588 743 645 commanducata
764 590 917 639 sitim
938 587 1116 649 sedat,
1130 588 1531 654 praecipueque
1552 584 1864 653 pulmonem

282 658 599 727 refrigerat,
665 656 899 711 Laxatis
922 671 1138 724 quoque
1159 656 1478 723 imponitur,
1518 661 1574 707 et
1596 656 1864 706 contusis:

281 728 425 781 lenit
444 728 745 781 interanea.
814 726 1007 780 Alvum
1029 727 1184 778 sistit
1205 733 1364 779 cocta
1383 726 1438 775 in
1462 726 1666 789 cinere,
1689 724 1866 775 detra-

285 797 497 865 ctisque
516 794 785 849 folliculis
807 794 942 847 trita
963 812 1088 847 cum
1113 796 1318 862 piperis
1352 810 1452 845 nov
1464 809 1548 845 em
1571 798 1784 861 granis,
1815 798 1866 844 et

284 882 353 921 ex
373 882 516 935 aqua
538 872 681 933 pota,
734 863 1092 926 ,Vulneribus
1114 863 1376 919 sanandis
1411 870 1568 915 tanta
1589 870 1866 931 praestan·

280 936 365 987 tia
386 940 487 999 est,
509 941 571 987 ut
596 950 785 986 carnes
810 949 1040 1001 quoque,
1075 935 1201 987 dum
1225 938 1550 1001 coquuntur,
1596 933 1867 1002 congluti-

282 1012 378 1059 net
401 1005 620 1059 addita:
645 1005 789 1061 unde
814 1004 1088 1067 etGraeci
1107 1018 1304 1071 nomen
1329 1002 1666 1069 imposuere.
1725 1000 1866 1055 Ossi-

278 1076 385 1133 bus
408 1091 623 1143 quoque
648 1074 843 1127 fractis
864 1073 1128 1125 medetur.

352 1142 525 1199 XXV.
562 1145 701 1211 Alga
720 1143 845 1197 rufa
866 1150 921 1193 et
939 1157 1065 1194 scor
1104 1144 1286 1193 ionum
1307 1140 1535 1195 ictibus.

290 1270 297 1277 ,
351 1210 549 1265 XXVI.
606 1215 813 1265 Actaea
854 1213 1011 1279 gravi
1081 1213 1313 1263 oliorum
1355 1210 1524 1262 odore
1537 1247 1555 1274 ,
1615 1210 1866 1263 caulibus

282 1283 491 1348 asperis
512 1282 863 1349 geniculatis,
902 1282 1110 1334 semine
1135 1282 1312 1349 nigre,
1340 1286 1402 1332 ut
1425 1280 1643 1342 ederae,
1689 1280 1867 1333 baccis

282 1348 565 1412 mollibus,
605 1350 854 1411 nascitur
872 1350 928 1399 in
950 1346 1136 1415 opacis
1159 1358 1216 1402 et
1247 1350 1476 1417 asperis,
1521 1352 1868 1419 aquosisque.

282 1418 465 1539 Datililr
524 1417 817 1471 acetabulo
880 1417 1045 1487 pleno
1103 1416 1472 1485 'interioribus
1535 1415 1868 1472 feminarum

282 1502 405 1542 mor
444 1503 506 1539 is.

353 1557 575 1610 XXVII.
610 1557 870 1624 Ampelos
891 1560 1050 1626 agria
1069 1567 1299 1611 vocatur
1319 1555 1506 1620 herba,
1535 1556 1691 1620 foliis
1709 1557 1872 1610 'duris

280 1627 557 1690 ‚cineracei
581 1626 806 1692 coloris,
850 1627 1067 1699 qualem
1089 1631 1144 1680 in
1168 1627 1585 1690 satis'diximus,
1623 1628 1870 1680 viticulis

284 1695 486 1766 longis,
508 1697 744 1759 callosis,
767 1697 1110 1760 rubentibus,
1129 1696 1377 1766 qualiter
1394 1695 1516 1759 flos,
1539 1711 1698 1762 quem
1721 1697 1871 1749 lovis

282 1766 557 1820 flammam
579 1766 972 1836 appellavimus
994 1767 1050 1818 in
1074 1765 1270 1821 violis:
1312 1765 1422 1819 fert
1459 1781 1646 1818 semen
1677 1765 1868 1818 Punici

284 1835 423 1888 mali
444 1835 626 1888 simile
646 1836 835 1888 acinis.
871 1835 1050 1888 Radix
1073 1835 1193 1887 eius
1218 1835 1445 1888 decocta
1465 1837 1520 1887 in
1545 1850 1722 1902 aquae
1745 1851 1869 1904 cya-

282 1903 394 1956 this
416 1905 607 1968 ternis,
644 1905 847 1957 additis
875 1906 985 1966 vini
1029 1905 1125 1956 Coi
1151 1905 1367 1974 cyathis
1409 1905 1640 1968 duobus,
1685 1905 1868 1957 alvum

282 1975 454 2026 solvit
472 1975 693 2038 leniter,
718 1973 951 2042 ideoque
976 1975 1298 2042 hydropicis
1319 1974 1494 2026 datur.
1551 1974 1770 2028 Vulvae
1791 1975 1867 2026 vi-

280 2043 367 2094 tia
387 2049 443 2095 et
466 2045 608 2095 cutis
629 2044 686 2094 in
711 2043 851 2096 facie
874 2041 1163 2094 mulierum
1185 2043 1456 2103 emendat.
1523 2043 1866 2096 Ischiadicos

284 2127 501 2180 quoque
519 2114 601 2165 uti
622 2110 723 2163 hac
746 2110 915 2165 herba
935 2111 1181 2182 prodest,
1205 2120 1331 2166 tusa
1352 2127 1476 2166 cum
1495 2112 1672 2176 foliis,
1717 2119 1777 2168 et
1794 2115 1864 2166 il·

276 2181 385 2234 lita
404 2195 525 2233 cum
549 2197 711 2232 succo
735 2197 853 2232 suo.

350 2249 603 2303 xxvlu.
626 2251 900 2304 Absinthii
919 2265 1123 2318 genera
1147 2255 1278 2302 sunt
1297 2250 1479 2318 plura:
1503 2248 1864 2304 Santonimim

285 2320 595 2391 appellatur
620 2336 653 2371 a
674 2317 895 2372 Galliae
911 2322 1164 2378 civitate:
1187 2317 1475 2371 Ponticum
1498 2336 1532 2372 a
1551 2313 1750 2384 Ponto,
1769 2323 1870 2374 ubi

286 2401 491 2454 pecora
512 2391 877 2458 pinguescunt
896 2389 1013 2451 illo,
1037 2396 1096 2441 et
1118 2389 1186 2441 ob
1208 2387 1268 2440 id
1288 2392 1404 2441 sine
1427 2389 1559 2442 felle
1582 2391 1871 2458 reperiun-

285 2465 402 2508 tur:
442 2459 617 2526 ncqu'e
652 2459 805 2515 aliud
846 2459 1216 2525 praestantius
1232 2494 1249 2522 ,
1287 2458 1572 2528 multoque
1613 2461 1872 2513 Italicum

291 2522 551 2586 amarius,
597 2527 695 2578 scd
716 2527 965 2582 medullas
978 2527 1197 2580 Pontici
1222 2526 1416 2580 dulcis.
1489 2530 1703 2582 De'usu
1747 2533 1872 2584 eius

287 2595 544 2644 convenit
566 2595 767 2661 dicere,
792 2596 995 2649 herbae
1016 2597 1332 2660 facillimae,
1375 2605 1538 2665 atquc
1558 2602 1706 2650 inter
1728 2601 1871 2668 pim-

289 2675 382 2712 cas
404 2659 747 2727 utilissimae,
791 2672 1079 2733 praeterea
1110 2665 1504 2736 sacrissspopuli·
1517 2669 1752 2722 Romanii
1769 2665 1870 2725 ‘ce-
