2033 3044
253 159 320 211 24
626 154 666 205 C
723 152 991 205 PLan
1058 152 1425 205 SECUNDl

248 260 401 339 haec,
443 272 580 323 quae
605 271 673 308 ex
695 270 822 307 rore
843 258 1012 321 su‘pra
1033 256 1181 307 dicto
1211 256 1481 337 nascitur,
1520 256 1572 307 si
1594 255 1871 321 fricetur,

246 329 497 379 resinosa
519 333 619 377 est.
677 325 1012 377 Adversatur
1032 326 1255 377 venenis
1277 332 1335 377 et
1356 326 1671 387 venenatis,
1696 342 1873 393 prae·

244 405 493 463 terquam
517 396 810 463 anguibus.
885 394 1127 445 Sudores
1148 402 1350 457 movet,
1391 394 1648 455 tormina
1682 396 1875 449 diseu-

253 466 528 529 tit‚1actis
553 468 864 516 ubertatem
887 462 1039 516 facit.

323 535 464 589 LXl.
504 535 698 587 Henba
731 532 952 595 Sabina,
997 531 1201 599 brathy
1232 532 1521 599 appellata
1545 548 1579 583 a
1603 504 1877 598 Graecis,

254 606 487 656 duorum
519 618 781 671 generum
817 608 929 654 est.
968 602 1153 653 altera
1192 604 1445 655 tamarici
1468 602 1673 653 similis
1698 602 1877 665 folin,

255 674 435 726 altera
457 687 732 743 cupresso.
781 671 965 731 Quare
987 672 1208 738 quidam
1234 670 1511 723 Creticam
1534 686 1871 738 cupressum

257 746 535 797 dixerunt.
605 744 652 792 A
676 740 906 790 multis·
891 756 946 789 ιιι
969 744 1187 791 suffitus
1208 755 1307 806 pro
1333 739 1497 793 thure
1522 743 1872 794 assumitur:

253 816 307 865 in
343 810 758 864 medicamentis
789 824 920 860 vero
956 809 1240 876 duplicato
1262 810 1505 875 pondere
1528 810 1763 864 eosdem
1788 809 1875 863 ef-

252 884 433 935 fectus
457 879 676 949 habere,
704 894 842 946 quos
866 879 1195 941 cinnamum,
1218 879 1475 931 traditur.
1550 880 1869 937 collectio-

251 969 348 1005 nes
368 941 586 1013 minuit,
617 954 674 1001 et
700 964 890 1015 nomas
913 949 1229 1014 compescit.
1304 949 1457 1000 lllita
1479 948 1715 1001 hulcera
1738 964 1875 1015 pur-

251 1027 363 1090 gat.
441 1022 636 1073 Partus
670 1024 952 1085 emortuos
984 1018 1243 1085 apposita
1266 1016 1531 1081 extrahit,
1573 1025 1635 1069 et
1652 1018 1873 1072 suffitu.

251 1090 496 1141 illinitur
517 1090 631 1157 igni
655 1103 814 1139 sacro
839 1093 895 1137 et
917 1088 1279 1139 carbunculis.
1354 1090 1485 1139 Cum
1510 1088 1679 1139 melle
1700 1094 1757 1139 et
1781 1089 1873 1137 vi-

255 1176 322 1210 no
349 1168 498 1227 pota,
536 1162 692 1223 regio
731 1159 924 1207 morbo
951 1156 1221 1209 medetur.
1295 1157 1611 1209 Gallinam-,ei
1630 1158 1870 1225 generis

253 1230 484 1295 pituitas
507 1222 658 1279 fumo
686 1227 804 1277 eius
827 1225 1034 1278 herbae
1055 1227 1244 1278 sanari
1267 1227 1509 1280 tradunt.

323 1296 494 1347 LXll.
531 1291 745 1347 Similis
768 1294 976 1347 herbae
1009 1294 1141 1347 huic
1164 1296 1401 1347 Sabinae
1431 1302 1517 1346 est
1544 1297 1747 1365 selago
1772 1312 1875 1363 ap-

257 1365 484 1431 pellata.
558 1363 794 1430 Legitur
831 1366 954 1421 sine
985 1365 1137 1417 ferro
1163 1365 1362 1417 dextra
1394 1380 1560 1417 manu
1593 1382 1695 1433 per
1720 1367 1870 1423 tuni-

256 1449 394 1493 cam,
435 1448 544 1499 qua
577 1434 810 1485 sinistra
836 1436 1059 1485 exuitur
1088 1434 1243 1487 velut
1276 1451 1309 1485 a
1336 1434 1579 1499 furante,
1620 1436 1875 1494 eandida

259 1512 410 1554 veste
432 1502 656 1565 vestito,
700 1518 946 1570 pureque
969 1503 1103 1556 lotis
1130 1504 1286 1556 nudis
1310 1504 1559 1571 pedibus,
1598 1520 1765 1558 sacro
1788 1506 1877 1557 fa-

257 1581 346 1624 cto
390 1574 540 1638 prius
579 1588 738 1639 quam
785 1574 1023 1638 legatur,
1066 1589 1206 1639 pane
1251 1575 1507 1642 vinoque.
1578 1575 1787 1631 Fertur
1810 1576 1879 1626 in

257 1657 456 1708 mappa
476 1656 634 1692 nova.
694 1643 854 1692 Hanc
881 1652 1075 1693 contra
1098 1658 1314 1694 omnem
1335 1645 1635 1710 perniciem
1660 1644 1875 1696 haben-

257 1713 381 1764 dam
428 1710 720 1778 prodidere
745 1710 996 1762 Druidae
1032 1711 1341 1772 Gallorum,
1372 1720 1434 1766 .et
1456 1719 1652 1764 contra
1675 1716 1874 1766 omnia

261 1783 548 1839 oculorum
571 1782 708 1832 vitia
731 1779 938 1831 fumum
963 1784 1081 1832 eius
1108 1783 1393 1846 prodesse.

330 1853 524 1903 LXlll.
575 1851 744 1902 lidem
789 1850 1061 1902 samolum
1104 1849 1329 1902 herbam
1374 1853 1729 1906 nominavere
1772 1866 1873 1902 na-

261 1929 506 1975 scentem
532 1923 584 1970 in
610 1920 878 1970 humidis:
911 1925 969 1972 et
997 1917 1140 1972 hanc
1160 1921 1389 1990 sinistra
1412 1936 1575 1971 mam}
1596 1921 1735 2002 legi·
1735 1937 1773 1972 a
1795 1920 1874 1972 ie-

259 1992 410 2042 iunis
445 1995 639 2054 contra
675 1990 895 2052 morbos
919 1991 1082 2040 suum
1116 1989 1408 2056 boumque,
1447 2005 1547 2041 nec
1586 1989 1875 2056 respicere

265 2060 570 2126 legentem?
615 2074 719 2110 nec
739 2057 894 2119 alibi,
913 2073 1093 2124 quam
1106 2058 1162 2108 in
1187 2059 1387 2122 canali,
1420 2060 1730 2124 deponere,
1768 2058 1877 2110 ibi·

265 2145 370 2196 que
399 2131 686 2195 conterere
711 2128 981 2193 poturis,-¹²
1009 2161 1035 2188 .,
1066 2176 1070 2184 ,

339 2199 384 2248 l
387 2195 538 2266 XlV.
571 2197 888 2254 ‚Gummium
913 2210 1121 2262 genera
1143 2195 1398 2246 diximus.
1472 2198 1553 2248 Ex
1578 2194 1665 2245 his
1690 2198 1871 2249 maio-

265 2283 358 2318 res
394 2257 624 2332 effectus
658 2267 924 2318 melioris
914 2265 1206 2332 minasque
1236 2271 1417 2316 erunt.
1490 2265 1810 2316 Dentibus‘
1796 2282 1876 2318 ιιι-

267 2337 452 2387 utiles
457 2342 606 2390 sunt.
677 2335 1021 2402 Sanguinem,
1036 2334 1351 2401 coagulant,
1382 2342 1438 2387 et
1467 2335 1595 2384 ideo
1622 2335 1878 2388 reiicien

272 2405 422 2454 tibus
451 2409 776 2471 sanguinem
808 2409 1085 2488 prosunt-33
1113 2406 1245 2465 item
1290 2404 1577 2464 ambustis,
1624 2405 1874 2456 arteriae

271 2473 440 2522 vitiis.
477 2475 736 2526 inutilem
759 2477 978 2534 urinam
1001 2474 1165 2531 cient,
1180 2473 1581 2530 amaritudines
1603 2471 1877 2531 hebetant

273 2534 564 2590 adstrictis
613 2544 834 2594 ceteris.
907 2545 1067 2604 Quae
1102 2557 1171 2601 ex
1200 2541 1545 2606 amygdala
1552 2555 1747 2600 amara
1766 2547 1873 2604 est,

274 2605 660 2685 spissandique
689 2611 896 2660 viribus
917 2611 1212 2672 efficacior,
1255 2609 1421 2668 habet
1434 2591 1873 2669 exeffljfootomo

275 2675 452 2724 vires..
473 2671 896 2738 Praeponuntur
915 2685 1100 2741 autem
1124 2679 1449 2744 prunorum,
1464 2685 1533 2735 et
1520 2693 1872 2745 ,cerasomm,
