2033 3044
331 141 652 194 NATUR.
690 136 1033 192 HISTOR.
1071 139 1230 193 Lm.
1269 142 1469 198 XXlV.
1507 144 1651 199 7-12.
1801 144 1837 201 5

221 244 343 311 (iem
367 256 560 296 causa.
639 240 894 295 parotidi
928 250 986 295 et
1020 251 1267 296 strumae
1294 262 1417 297 cum
1446 246 1627 301 farina
1658 250 1835 316 impe*

217 322 443 367 nuntur.
522 313 878 379 Exprimitur
905 324 1101 364 succus
1131 314 1275 365 tusis
1308 328 1428 367 cum
1474 320 1697 380 semine,
1738 319 1835 385 qui

217 387 426 437 mixtus
461 383 598 435 oleo
635 383 932 449 caliginem
969 384 1258 434 oculorum
1296 384 1495 436 aufert.
1569 386 1704 438 ltem
1732 388 1831 440 Vi-

219 454 446 506 ctoriati
485 452 741 519 pondere
773 455 826 501 in
865 453 989 502 vino
1024 460 1189 518 potus
1223 453 1532 520 illitusque,
1580 468 1698 506 cum
1726 456 1833 508 'fico

217 525 368 575 sicca
383 521 606 589 pingui,
629 522 865 573 exemtis
888 524 1091 587 granis,
1114 523 1253 573 vitia
1274 525 1501 574 testium
1525 530 1702 587 sanat,
1749 529 1837 577 tu-

217 604 402 645 mores
439 592 708 643 discutit:
747 596 806 643 et
845 602 970 641 cum
1012 592 1285 643 fermento
1326 602 1585 643 strumas.
1659 594 1840 647 Radix

215 678 340 715 cum
361 661 522 714 foliis
550 661 692 713 trita
712 666 955 726 potaque
969 692 989 722 ‚
1032 663 1253 713 vesicae
1274 669 1331 713 et
1351 663 1705 729 stranguriae
1725 674 1839 715 me-

215 732 410 783 detur:
449 737 512 783 et
535 737 738 781 contra
769 729 1088 797 phalangis.
1163 734 1435 783 Ranienta
1459 740 1593 799 potu
1616 747 1837 785 menses

217 802 382 865 deut,
405 803 771 867 scorpionum
801 800 1013 851 ictibus
1037 799 1421 854 adversantur.

285 870 383 923 XI.
419 872 645 923 Cedrus
680 882 900 936 magna,
939 880 1100 934 quam
1132 870 1447 925 cedrelaten
1481 879 1701 935 vocant,
1743 872 1841 925 dat

218 940 416 1007 picem,
460 954 612 1007 quae
637 936 826 989 cedria
843 946 1107 1000 vocatur,
1146 939 1393 992 dentium
1414 940 1700 993 doloribus
1727 938 1836 993 uti-

215 1010 514 1063 lissimam.
591 1008 825 1077 Frangit
864 1010 1006 1059 enim
1048 1023 1146 1059 eos
1192 1017 1253 1061 et
1297 1010 1573 1061 extrahit:
1617 1011 1841 1063 dolores

215 1079 396 1131 sedat.
478 1076 650 1131 cedri
675 1088 869 1128 succus
890 1089 958 1129 ex
981 1088 1050 1129 ea
1070 1080 1349 1145 quomodo
1370 1081 1550 1142 fieret,
1580 1080 1840 1145 diximus,

215 1150 408 1217 magni
443 1148 520 1199 ad
565 1148 784 1202 lumina
820 1160 972 1209 usus,
1010 1148 1073 1197 ni
1117 1148 1288 1215 capiti
1318 1148 1563 1201 dolorem
1591 1150 1839 1202 inferret.

217 1218 508 1273 Defuncto
531 1228 774 1283 corpora
808 1218 1128 1283 incorrupta
1160 1219 1314 1270 aevis
1348 1226 1551 1281 servat,
1590 1221 1841 1271 viventia

219 1290 570 1355 corrumpite
610 1287 756 1337 mira
777 1286 1113 1351 differentia,
1139 1300 1259 1339 cum
1281 1289 1451 1341 vitam
1478 1282 1701 1341 auferat
1725 1290 1835 1355 spi»

217 1359 498 1420 rantibus,
542 1354 934 1423 defunctisque
965 1370 1065 1423 pro
1087 1359 1203 1410 vita
1224 1361 1315 1409 sit.
1390 1356 1589 1411 Vestes
1618 1368 1839 1426 quoque

217 1428 548 1495 corrumpit,
595 1432 653 1477 et
677 1426 940 1476 animalia
961 1434 1141 1478 necat.
1220 1429 1305 1479 Ob
1329 1426 1435 1479 hoc
1452 1442 1559 1479 non
1584 1440 1836 1479 censeam

217 1500 274 1550 in
295 1500 522 1567 anginis
559 1494 668 1548 hoc
701 1495 946 1548 remedio
979 1496 1275 1549 utendum:
1319 1512 1495 1563 neque
1514 1499 1571 1548 in
1596 1498 1839 1550 crudita-

219 1569 387 1630 tibus,
429 1567 584 1637 quod
619 1576 846 1617 suasere
886 1566 1080 1632 aliqui,
1120 1574 1301 1633 gustu.
1379 1569 1591 1620 Dentes
1617 1577 1839 1634 quoque

219 1638 470 1690 colluere
505 1649 576 1689 ex
609 1643 771 1688 aceto
801 1637 858 1686 in
888 1635 1085 1687 dolore
1114 1637 1411 1698 timuerim,
1453 1638 1542 1689 vel
1566 1638 1837 1705 gravitati

219 1715 314 1760 sut
333 1709 624 1760 vermibus
649 1705 859 1756 aurium
872 1705 1164 1756 instillare.
1202 1705 1529 1756 Portentum
1558 1711 1662 1766 est,
1686 1706 1835 1772 quod

219 1777 468 1839 tradunt,
492 1775 807 1828 abortivum
833 1775 952 1826 fieri
973 1775 1027 1823 in
1050 1772 1283 1834 Venere,
1306 1780 1433 1823 ante
1457 1774 1681 1838 perfusa
1699 1776 1834 1825 viri-

221 1847 394 1899 litate.
472 1844 824 1896 phthiriases
867 1854 1179 1910 perungere
1210 1853 1281 1892 eo
1306 1853 1415 1893 non
1452 1839 1837 1904 dubitaverim,

221 1918 353 1968 item
377 1915 723 1983 porrigines.
795 1913 1044 1965 Suadent
1080 1917 1137 1962 et
1170 1917 1368 1962 contra
1390 1925 1655 1962 venenum
1682 1912 1834 1978 lepo-
1889 1918 1898 1925 '

221 1987 298 2040 ris
323 1987 536 2038 marini
565 1985 755 2035 bibere
778 1984 828 2033 in
855 1997 1041 2048 passo,
1114 1979 1365 2032 Facilius
1386 1980 1441 2030 in
1469 1979 1833 2048 elephantiasi

223 2057 493 2108 illinatur.
570 2055 648 2104 Et
667 2051 894 2104 hulcera
933 2045 1164 2102 sordida
1192 2059 1253 2102 et
1274 2054 1652 2102 excrescentia
1683 2053 1738 2102 iu
1762 2051 1835 2101 iis

223 2132 487 2177 auctores
529 2122 775 2189 quidam,
813 2127 870 2173 et
901 2121 1187 2172 oculorum
1220 2121 1509 2188 albugines
1545 2119 1836 2187 caligines·

226 2209 332 2262 que
363 2195 644 2246 inunxere
689 2203 782 2241 eo:
819 2197 877 2242 et
899 2198 1099 2243 contra
1134 2189 1415 2258 pulmonis
1450 2189 1677 2240 hulcera
1710 2203 1835 2255 cyu-

225 2263 381 2314 tlmm
409 2264 532 2314 eius
551 2261 780 2312 sorbere
802 2261 1113 2311 iusserunt:
1148 2264 1283 2310 item
1307 2260 1575 2312 adversus
1598 2260 1835 2310 taenias.

227 2334 317 2386 Fit
340 2347 410 2384 ex
443 2345 511 2383 eo
539 2337 597 2382 et
637 2329 838 2390 oleum,
881 2330 1027 2396 quod
1062 2330 1375 2398 pisselaeon
1412 2335 1629 2388 vocant,
1669 2325 1834 2380 vehe-

224 2401 518 2454 mentioris
552 2399 625 2450 ad
661 2401 850 2450 omniu
870 2399 1062 2450 eadem
1103 2411 1253 2450 usus.
1326 2389 1489 2449 Cetlri
1531 2399 1698 2449 scobe
1722 2409 1834 2449 ser-

225 2479 419 2539 pentes
441 2469 632 2535 fugari
654 2476 864 2519 cem-tum
887 2476 999 2521 est:
1018 2470 1153 2520 item
1168 2467 1353 2519 baccis
1368 2469 1520 2519 tritis
1544 2483 1662 2520 cum
1688 2461 1836 2527 oleo,

229 2543 280 2594 si
299 2542 393 2608 qui
418 2543 819 2606 perungantur.

298 2610 424 2662 xil.
463 2607 749 2668 codrides,
791 2607 898 2658 hoe
920 2610 1026 2667 est,
1066 2604 1283 2656 fructus
1314 2605 1485 2668 cedri,
1529 2605 1724 2662 tussim
1746 2615 1841 2652 sa-

235 2683 388 2743 uaut,
435 2679 661 2752 urinam
704 2676 878 2740 cient,
923 2675 1111 2726 alvum
1153 2676 1381 2726 sistunt:
1422 2675 1597 2726 utiles
1638 2671 1840 2735 ruptis·
