2033 3044
204 173 524 228 NATUR.
549 171 896 226 His-ron.
928 162 1574 229 Llss.xxv11¹.2⁷.28.
1646 173 1747 230 1⁷⁷

135 275 502 345 parturienti,
522 275 748 330 letalem
785 291 934 328 esse:
974 277 1177 328 dextro
1203 275 1367 328 illato
1405 277 1571 330 facile
1592 281 1743 332 eniti.

134 345 532 398 Membranam
563 357 706 412 quae
737 344 813 396 fel
845 345 1211 409 continuerit,
1252 344 1519 396 cardiacis
1556 356 1746 414 potam

135 417 377 496 ivirio,
399 414 494 465 vel
509 414 570 464 in
591 415 716 465 cibo
741 420 999 476 sumtam,
1040 428 1393 466 succurreres
1431 415 1667 467 vesicam
1688 419 1746 469 in

136 497 264 535 vino
308 489 528 550 potam,
567 485 763 534 contra
792 483 988 535 urinae
1029 483 1509 534 incontinentiam.
1590 483 1747 545 Quae

136 563 327 606 autem
353 553 414 602 in
435 551 622 603 vesica
641 553 867 604 inventa
887 553 965 603 sit
985 553 1166 615 urina,
1201 551 1405 604 additis
1426 551 1550 604 oleo
1572 567 1637 604 ac
1656 569 1743 606 se-

134 634 314 686 samo,
361 629 422 672 et
461 621 644 682 melle,
683 619 937 673 haustam
963 621 1232 688 prodesse
1252 622 1631 688 aegrimoniae
1650 641 1745 675 ve·

134 693 266 744 teri.
345 692 646 742 Gestarum
683 692 919 756 primam
960 696 1020 743 et
1043 698 1318 753 octavam,
1358 691 1546 741 suffitu
1568 692 1749 760 ruptis

134 761 447 813 salutarem
469 773 622 810 esset
663 773 732 810 ex
763 759 924 826 spina
957 775 1095 811 vero
1124 759 1565 827 parturientibus
1592 776 1746 812 ossa:

135 829 472 897 sanguinem
507 842 628 878 cum
653 829 884 894 polenta
911 836 1176 892 sumtum,
1216 830 1563 880 torminibus.
1637 833 1747 882 Eo-

135 899 262 950 dem
285 898 461 948 tactis
497 897 783 963 postibus,
822 896 1137 964 ubicunque
1161 899 1455 964 Magorum
1490 899 1749 952 infestari

136 977 305 1031 artes,
327 981 441 1016 non
465 965 592 1016 elici
615 965 769 1030 deos,
791 981 894 1018 nec
913 964 1177 1035 colloqui,
1202 969 1319 1018 sive
1340 967 1598 1031 lucernis,
1632 969 1749 1020 sive

137 1036 306 1102 pelvi,
353 1038 474 1086 sive
495 1047 658 1102 aqua,
695 1037 810 1087 sive
831 1036 963 1102 pila,
1005 1036 1120 1088 sive
1144 1049 1252 1102 quo
1276 1036 1387 1088 alio
1408 1051 1614 1104 genere
1638 1046 1753 1088 ten-

139 1113 348 1157 tentur.
421 1103 634 1155 Carnes
657 1105 705 1154 si
729 1103 981 1167 edantur,
1009 1112 1205 1157 contra
1226 1105 1380 1157 canis
1402 1107 1585 1158 rabidi
1608 1121 1751 1158 mor·

140 1189 234 1226 sus
257 1171 520 1224 efficaces
541 1187 690 1224 esse:
735 1174 1040 1225 etiamnum
1064 1177 1221 1226 iecur
1244 1173 1541 1228 efficacius.
1616 1179 1748 1228 Car·

139 1259 237 1296 nes
262 1241 356 1293 vel
379 1253 508 1292 ossa
538 1240 797 1305 hominis,
837 1243 890 1293 si
927 1257 1071 1310 quae
1098 1243 1157 1294 in
1189 1244 1505 1299 ventriculo
1530 1246 1751 1298 occisae

137 1313 512 1370 inveniantur,
553 1311 738 1362 suffitu
777 1311 1049 1379 podagris
1084 1314 1364 1366 auxiliari.
1438 1313 1496 1367 Si
1539 1328 1751 1384 ungues

139 1383 495 1434 inveniantur
515 1379 576 1429 in
599 1379 700 1441 his,
717 1387 946 1432 mortem
968 1382 1203 1433 alicuius
1226 1385 1559 1450 capientium
1583 1385 1752 1454 signi·

138 1451 312 1503 ficari.
387 1449 760 1502 Excrementa
778 1453 894 1502 sive
921 1465 1051 1504 ossa
1070 1452 1307 1516 reddita,
1330 1466 1452 1504 cum
1475 1455 1752 1507 interimi-

138 1528 254 1584 tur,
276 1526 478 1573 >eontra
499 1519 750 1587 Magicas
770 1519 1006 1573 insidias
1027 1521 1258 1587 pollere.
1328 1517 1564 1587 Fimum,
1601 1524 1752 1592 quod

137 1592 194 1643 in
215 1589 502 1641 intestinis
523 1590 807 1640 inventum
829 1592 922 1652 sit,
939 1588 1349 1653 arefactum,ad
1371 1592 1753 1659 dysentericus

139 1660 331 1713 valere
352 1666 576 1725 potnmz
619 1658 933 1725 illitumque
953 1674 1079 1709 cum
1102 1658 1263 1725 adipe
1284 1663 1541 1714 anserino
1565 1665 1749 1729 opitu·

139 1728 250 1781 lari
280 1735 411 1779 tuto
434 1739 672 1795 corpore
699 1727 870 1779 laesis
898 1728 1049 1779 malo
1083 1728 1519 1780 medicamentm
1562 1744 1596 1781 a
1616 1744 1753 1782 cane

141 1812 276 1851 vero
295 1796 502 1847 morsis
535 1795 762 1861 'adipem
802 1794 1030 1858 illitum,
1070 1803 1129 1847 et
1159 1798 1370 1847 corium
1392 1800 1753 1851 substratum.

143 1862 485 1919 ltus-sustuli
505 1867 714 1917 sinistri
741 1865 928 1917 cinere
953 1866 1184 1917 decocto
1208 1878 1331 1917 cum
1354 1862 1621 1935 sanguine
1640 1882 1755 1917 mn.

141 1936 325 1989 stelae·
401 1942 662 1988 ernnctos
705 1934 958 1986 omnibus
997 1934 1135 1985 odio
1177 1934 1398 1985 venire:
1442 1936 1592 1986 idem
1632 1936 1754 1987 fieri

141 2005 312 2059 oculo
383 2010 600 2056 ecocto.
671 2002 852 2071 Super
891 2004 1082 2055 omnia
1114 2008 1218 2067 est,
1260 2002 1407 2070 quod
1448 2010 1752 2055 extremam

139 2074 394 2128 fistulam
423 2073 682 2125 intestini
713 2078 912 2125 contra
941 2073 1140 2124 dueum
1181 2088 1246 2124 ac
1282 2079 1622 2140 potestatum
1647 2074 1753 2123 ini·

139 2146 393 2212 quitates
415 2143 873 2205 commonstrant,
916 2149 976 2195 et
995 2143 1065 2195 ad
1089 2153 1379 2195 successus
1400 2142 1754 2209 petitionum,

139 2213 602 2279 iudiciorumque
620 2226 686 2263 ac
707 2212 895 2263 litium
919 2218 1169 2275 eventus,
1208 2212 1259 2262 si
1281 2216 1515 2267 omnino,
1533 2216 1752 2262 tantum

141 2282 354 2349 aliquis
375 2294 564 2332 secum
583 2280 807 2333 habeat.
886 2277 1147 2333 Eiusdem
1172 2292 1409 2335 caverna
1430 2280 1653 2332 sinistro
1674 2279 1754 2330 la·

141 2360 302 2405 certo
329 2348 586 2417 alligata,
607 2351 656 2401 si
675 2352 799 2418 quis
819 2350 1107 2403 mulierem
1128 2349 1411 2417 respiciat,
1420 2356 1755 2404 amatorium

141 2438 270 2475 esse
293 2426 417 2473 tam
442 2430 724 2487 praesens,
748 2425 814 2470 ut
831 2419 986 2472 illico
1009 2427 1293 2486 sequatur.
1365 2420 1628 2473 Eiusdem
1651 2420 1761 2471 loci

141 2493 393 2560 pilorum
417 2490 663 2541 cinerem
689 2502 757 2542 cx
793 2488 920 2540 oleo
952 2487 1163 2540 illitum
1185 2489 1338 2551 viris,
1381 2492 1473 2557 qui
1498 2490 1612 2540 sint
1629 2502 1759 2558 pro·

141 2566 364 2615 brosae
379 2558 666 2623 mollitiei,
711 2570 958 2623 severos,
999 2572 1111 2609 non
1135 2558 1300 2609 modo
1324 2559 1555 2627 pudicos
1576 2566 1759 2612 mores

143 2630 407 2687 induere.

219 2696 487 2752 xxviii.
525 2694 782 2747 Proxime
803 2695 1095 2749 fabulosus
1118 2700 1205 2747 est
1226 2696 1558 2759 crocodilus,
1572 2698 1763 2762 ingens
1796 2693 1801 2696 ’

297 2762 833 2821 Pniu.'1’on.lV.
1284 2766 1345 2822 Μ
