<?xml version="1.0" encoding="UTF-8"?>
<!DOCTYPE html PUBLIC "-//W3C//DTD XHTML 1.0 Transitional//EN"
    "http://www.w3.org/TR/xhtml1/DTD/xhtml1-transitional.dtd">
<html xmlns="http://www.w3.org/1999/xhtml" xml:lang="en" lang="en">
 <head>
  <title>
</title>
<meta http-equiv="Content-Type" content="text/html;charset=utf-8" />
  <meta name='ocr-system' content='tesseract 3.04.00' />
  <meta name='ocr-capabilities' content='ocr_page ocr_carea ocr_par ocr_line ocrx_word'/>
</head>
<body>
  <div class='ocr_page' id='page_1' title='image "./historiaenatura05plingoog_0029.png"; bbox 0 0 2033 3044; ppageno 0'>
   <div class='ocr_carea' id='block_1_1' title="bbox 329 132 1512 191">
    <p class='ocr_par' dir='ltr' id='par_1_1' title="bbox 329 132 1512 191">
     <span class='ocr_line' id='line_1_1' title="bbox 329 132 1512 191; baseline -0.004 0"><span class='ocrx_word' id='word_1_1' title='bbox 329 140 400 191; x_wconf 80' lang='lat'><strong>20</strong></span> <span class='ocrx_word' id='word_1_2' title='bbox 700 136 758 189; x_wconf 82' lang='lat' dir='ltr'><strong>C.</strong></span> <span class='ocrx_word' id='word_1_3' title='bbox 796 132 1079 187; x_wconf 85' lang='lat' dir='ltr'><strong>PLINII</strong></span> <span class='ocrx_word' id='word_1_4' title='bbox 1133 132 1512 186; x_wconf 86' lang='lat' dir='ltr'><strong>SECUNDI</strong></span> 
     </span>
    </p>
   </div>
   <div class='ocr_carea' id='block_1_2' title="bbox 320 234 2010 2745">
    <p class='ocr_par' dir='ltr' id='par_1_2' title="bbox 330 234 1944 513">
     <span class='ocr_line' id='line_1_2' title="bbox 333 234 1944 302; baseline 0.001 -12"><span class='ocrx_word' id='word_1_5' title='bbox 333 240 458 290; x_wconf 80' lang='lat' dir='ltr'><strong>vino</strong></span> <span class='ocrx_word' id='word_1_6' title='bbox 483 244 723 297; x_wconf 85' lang='lat' dir='ltr'><strong>austero,</strong></span> <span class='ocrx_word' id='word_1_7' title='bbox 765 235 940 287; x_wconf 87' lang='lat' dir='ltr'><strong>ternis</strong></span> <span class='ocrx_word' id='word_1_8' title='bbox 980 234 1179 302; x_wconf 77' lang='lat' dir='ltr'><strong>digitis</strong></span> <span class='ocrx_word' id='word_1_9' title='bbox 1201 234 1338 287; x_wconf 86' lang='lat' dir='ltr'><strong>ssore</strong></span> <span class='ocrx_word' id='word_1_10' title='bbox 1360 242 1541 302; x_wconf 85' lang='lat' dir='ltr'><strong>capto,</strong></span> <span class='ocrx_word' id='word_1_11' title='bbox 1587 240 1646 288; x_wconf 90' lang='lat' dir='ltr'><strong>et</strong></span> <span class='ocrx_word' id='word_1_12' title='bbox 1668 236 1944 291; x_wconf 78' lang='lat' dir='ltr'><strong>similiter·</strong></span> 
     </span>
     <span class='ocr_line' id='line_1_3' title="bbox 330 304 1937 373; baseline -0.001 -13"><span class='ocrx_word' id='word_1_13' title='bbox 330 310 416 360; x_wconf 87' lang='lat' dir='ltr'><strong>bis</strong></span> <span class='ocrx_word' id='word_1_14' title='bbox 460 308 548 358; x_wconf 89' lang='lat' dir='ltr'><strong>die</strong></span> <span class='ocrx_word' id='word_1_15' title='bbox 582 314 745 373; x_wconf 84' lang='lat' dir='ltr'><strong>poto:</strong></span> <span class='ocrx_word' id='word_1_16' title='bbox 787 304 1103 357; x_wconf 77' lang='lat' dir='ltr'><strong>hulceribus</strong></span> <span class='ocrx_word' id='word_1_17' title='bbox 1127 306 1406 357; x_wconf 80' lang='lat' dir='ltr'><strong>veteribus</strong></span> <span class='ocrx_word' id='word_1_18' title='bbox 1429 312 1485 356; x_wconf 88' lang='lat' dir='ltr'><strong>et</strong></span> <span class='ocrx_word' id='word_1_19' title='bbox 1506 307 1781 359; x_wconf 72' lang='lat' dir='ltr'><strong>ambustis</strong></span> <span class='ocrx_word' id='word_1_20' title='bbox 1804 322 1937 359; x_wconf 84' lang='lat' dir='ltr'><strong>cum</strong></span> 
     </span>
     <span class='ocr_line' id='line_1_4' title="bbox 330 374 1940 442; baseline -0.002 -11"><span class='ocrx_word' id='word_1_21' title='bbox 330 392 483 431; x_wconf 87' lang='lat' dir='ltr'><strong>cera:</strong></span> <span class='ocrx_word' id='word_1_22' title='bbox 521 384 577 427; x_wconf 88' lang='lat' dir='ltr'><strong>et</strong></span> <span class='ocrx_word' id='word_1_23' title='bbox 601 390 699 442; x_wconf 86' lang='lat' dir='ltr'><strong>per</strong></span> <span class='ocrx_word' id='word_1_24' title='bbox 719 391 778 427; x_wconf 90' lang='lat' dir='ltr'><strong>se</strong></span> <span class='ocrx_word' id='word_1_25' title='bbox 801 375 930 426; x_wconf 87' lang='lat' dir='ltr'><strong>oris</strong></span> <span class='ocrx_word' id='word_1_26' title='bbox 940 374 1273 425; x_wconf 80' lang='lat' dir='ltr'><strong>hulceribus.</strong></span> <span class='ocrx_word' id='word_1_27' title='bbox 1328 375 1438 427; x_wconf 86' lang='lat' dir='ltr'><strong>Sub</strong></span> <span class='ocrx_word' id='word_1_28' title='bbox 1464 374 1551 425; x_wconf 89' lang='lat' dir='ltr'><strong>his</strong></span> <span class='ocrx_word' id='word_1_29' title='bbox 1575 377 1817 429; x_wconf 84' lang='lat' dir='ltr'><strong>maxime</strong></span> <span class='ocrx_word' id='word_1_30' title='bbox 1839 391 1940 427; x_wconf 80' lang='lat' dir='ltr'><strong>na-</strong></span> 
     </span>
     <span class='ocr_line' id='line_1_5' title="bbox 333 443 1788 513; baseline -0.001 -15"><span class='ocrx_word' id='word_1_31' title='bbox 333 449 510 500; x_wconf 88' lang='lat' dir='ltr'><strong>scitur</strong></span> <span class='ocrx_word' id='word_1_32' title='bbox 535 443 926 513; x_wconf 79' lang='lat' dir='ltr'>hypocisthis,</span> <span class='ocrx_word' id='word_1_33' title='bbox 930 458 1093 510; x_wconf 89' lang='lat' dir='ltr'><strong>quam</strong></span> <span class='ocrx_word' id='word_1_34' title='bbox 1118 445 1267 497; x_wconf 83' lang='lat' dir='ltr'><strong>inter</strong></span> <span class='ocrx_word' id='word_1_35' title='bbox 1290 444 1491 497; x_wconf 86' lang='lat' dir='ltr'><strong>herbas</strong></span> <span class='ocrx_word' id='word_1_36' title='bbox 1515 444 1788 497; x_wconf 76' lang='lat' dir='ltr'><strong>dicemus.</strong></span> 
     </span>
    </p>

    <p class='ocr_par' dir='ltr' id='par_1_3' title="bbox 321 512 2010 2103">
     <span class='ocr_line' id='line_1_6' title="bbox 403 512 1941 581; baseline -0.003 -14"><span class='ocrx_word' id='word_1_37' title='bbox 403 517 504 567; x_wconf 75' lang='lat' dir='ltr'><strong>XL</strong></span> <span class='ocrx_word' id='word_1_38' title='bbox 509 517 602 567; x_wconf 73' lang='lat' dir='ltr'><strong>lx.</strong></span> <span class='ocrx_word' id='word_1_39' title='bbox 642 516 830 567; x_wconf 87' lang='lat' dir='ltr'><strong>Cissos</strong></span> <span class='ocrx_word' id='word_1_40' title='bbox 853 512 1191 580; x_wconf 77' lang='lat' dir='ltr'><strong>erythranos</strong></span> <span class='ocrx_word' id='word_1_41' title='bbox 1212 515 1281 565; x_wconf 86' lang='lat' dir='ltr'><strong>ab</strong></span> <span class='ocrx_word' id='word_1_42' title='bbox 1306 514 1501 566; x_wconf 83' lang='lat' dir='ltr'><strong>iisdem</strong></span> <span class='ocrx_word' id='word_1_43' title='bbox 1525 516 1847 581; x_wconf 84' lang='lat' dir='ltr'><strong>appellatur</strong></span> <span class='ocrx_word' id='word_1_44' title='bbox 1862 514 1941 564; x_wconf 84' lang='lat' dir='ltr'><strong>si·</strong></span> 
     </span>
     <span class='ocr_line' id='line_1_7' title="bbox 333 583 1937 651; baseline -0.003 -14"><span class='ocrx_word' id='word_1_45' title='bbox 333 586 483 637; x_wconf 83' lang='lat' dir='ltr'><strong>milis</strong></span> <span class='ocrx_word' id='word_1_46' title='bbox 495 586 642 649; x_wconf 65' lang='lat' dir='ltr'><strong>edel</strong></span> <span class='ocrx_word' id='word_1_47' title='bbox 647 601 730 645; x_wconf 87' lang='lat' dir='ltr'><strong>ae,</strong></span> <span class='ocrx_word' id='word_1_48' title='bbox 771 583 1168 636; x_wconf 83' lang='lat' dir='ltr'><strong>coxendicibus</strong></span> <span class='ocrx_word' id='word_1_49' title='bbox 1192 584 1347 635; x_wconf 87' lang='lat' dir='ltr'><strong>utilis</strong></span> <span class='ocrx_word' id='word_1_50' title='bbox 1370 599 1401 634; x_wconf 95' lang='lat' dir='ltr'><strong>e</strong></span> <span class='ocrx_word' id='word_1_51' title='bbox 1424 584 1550 635; x_wconf 80' lang='lat' dir='ltr'><strong>vino</strong></span> <span class='ocrx_word' id='word_1_52' title='bbox 1576 592 1773 651; x_wconf 82' lang='lat' dir='ltr'><strong>potus:</strong></span> <span class='ocrx_word' id='word_1_53' title='bbox 1800 586 1937 636; x_wconf 80' lang='lat' dir='ltr'><strong>item</strong></span> 
     </span>
     <span class='ocr_line' id='line_1_8' title="bbox 330 653 1938 722; baseline -0.003 -14"><span class='ocrx_word' id='word_1_54' title='bbox 330 656 552 708; x_wconf 86' lang='lat' dir='ltr'><strong>lumbis.</strong></span> <span class='ocrx_word' id='word_1_55' title='bbox 626 657 864 705; x_wconf 80' lang='lat' dir='ltr'><strong>Tantam</strong></span> <span class='ocrx_word' id='word_1_56' title='bbox 887 654 998 703; x_wconf 85' lang='lat' dir='ltr'><strong>vim</strong></span> <span class='ocrx_word' id='word_1_57' title='bbox 1025 653 1170 703; x_wconf 87' lang='lat' dir='ltr'><strong>acini</strong></span> <span class='ocrx_word' id='word_1_58' title='bbox 1196 653 1367 717; x_wconf 88' lang='lat' dir='ltr'><strong>aiunt,</strong></span> <span class='ocrx_word' id='word_1_59' title='bbox 1392 660 1455 706; x_wconf 88' lang='lat' dir='ltr'><strong>ut</strong></span> <span class='ocrx_word' id='word_1_60' title='bbox 1472 655 1805 722; x_wconf 81' lang='lat' dir='ltr'><strong>sanguinem</strong></span> <span class='ocrx_word' id='word_1_61' title='bbox 1824 654 1938 703; x_wconf 85' lang='lat' dir='ltr'><strong>uri-</strong></span> 
     </span>
     <span class='ocr_line' id='line_1_9' title="bbox 329 721 1933 789; baseline -0.003 -13"><span class='ocrx_word' id='word_1_62' title='bbox 329 742 402 777; x_wconf 87' lang='lat' dir='ltr'><strong>na</strong></span> <span class='ocrx_word' id='word_1_63' title='bbox 424 722 704 777; x_wconf 84' lang='lat' dir='ltr'><strong>detrahat.</strong></span> <span class='ocrx_word' id='word_1_64' title='bbox 767 726 906 775; x_wconf 86' lang='lat' dir='ltr'><strong>ltcm</strong></span> <span class='ocrx_word' id='word_1_65' title='bbox 931 721 1349 775; x_wconf 77' lang='lat' dir='ltr'><strong>chamaecisson</strong></span> <span class='ocrx_word' id='word_1_66' title='bbox 1374 724 1665 789; x_wconf 80' lang='lat' dir='ltr'><strong>appellant</strong></span> <span class='ocrx_word' id='word_1_67' title='bbox 1689 725 1933 780; x_wconf 82' lang='lat' dir='ltr'><strong>ederam,</strong></span> 
     </span>
     <span class='ocr_line' id='line_1_10' title="bbox 327 791 1933 847; baseline -0.002 -2"><span class='ocrx_word' id='word_1_68' title='bbox 327 810 438 847; x_wconf 84' lang='lat' dir='ltr'><strong>non</strong></span> <span class='ocrx_word' id='word_1_69' title='bbox 460 793 814 845; x_wconf 77' lang='lat' dir='ltr'><strong>attollentem</strong></span> <span class='ocrx_word' id='word_1_70' title='bbox 839 806 898 843; x_wconf 84' lang='lat' dir='ltr'><strong>sc</strong></span> <span class='ocrx_word' id='word_1_71' title='bbox 923 807 956 842; x_wconf 87' lang='lat' dir='ltr'><strong>a</strong></span> <span class='ocrx_word' id='word_1_72' title='bbox 979 798 1147 843; x_wconf 79' lang='lat' dir='ltr'><strong>terra.</strong></span> <span class='ocrx_word' id='word_1_73' title='bbox 1220 794 1295 843; x_wconf 91' lang='lat' dir='ltr'><strong>Et</strong></span> <span class='ocrx_word' id='word_1_74' title='bbox 1311 791 1447 845; x_wconf 84' lang='lat' dir='ltr'><strong>haec</strong></span> <span class='ocrx_word' id='word_1_75' title='bbox 1468 801 1707 846; x_wconf 84' lang='lat' dir='ltr'><strong>contusa</strong></span> <span class='ocrx_word' id='word_1_76' title='bbox 1726 796 1785 845; x_wconf 89' lang='lat' dir='ltr'><strong>in</strong></span> <span class='ocrx_word' id='word_1_77' title='bbox 1806 796 1933 843; x_wconf 75' lang='lat' dir='ltr'><strong>vino</strong></span> 
     </span>
     <span class='ocr_line' id='line_1_11' title="bbox 331 861 1935 917; baseline -0.004 0"><span class='ocrx_word' id='word_1_78' title='bbox 331 862 611 917; x_wconf 73' lang='lat' dir='ltr'><strong>acetabuli</strong></span> <span class='ocrx_word' id='word_1_79' title='bbox 650 876 912 913; x_wconf 86' lang='lat' dir='ltr'><strong>mensura</strong></span> <span class='ocrx_word' id='word_1_80' title='bbox 949 862 1088 913; x_wconf 83' lang='lat' dir='ltr'><strong>lieni</strong></span> <span class='ocrx_word' id='word_1_81' title='bbox 1116 861 1389 916; x_wconf 84' lang='lat' dir='ltr'><strong>medetur.</strong></span> <span class='ocrx_word' id='word_1_82' title='bbox 1458 862 1624 915; x_wconf 86' lang='lat' dir='ltr'><strong>Folia</strong></span> <span class='ocrx_word' id='word_1_83' title='bbox 1662 862 1935 916; x_wconf 74' lang='lat' dir='ltr'><strong>ambustis</strong></span> 
     </span>
     <span class='ocr_line' id='line_1_12' title="bbox 329 929 1932 999; baseline -0.003 -13"><span class='ocrx_word' id='word_1_84' title='bbox 329 948 449 986; x_wconf 89' lang='lat' dir='ltr'><strong>cum</strong></span> <span class='ocrx_word' id='word_1_85' title='bbox 473 932 732 999; x_wconf 82' lang='lat' dir='ltr'><strong>axungia.</strong></span> <span class='ocrx_word' id='word_1_86' title='bbox 787 929 998 981; x_wconf 82' lang='lat' dir='ltr'><strong>Smilax</strong></span> <span class='ocrx_word' id='word_1_87' title='bbox 1022 945 1260 997; x_wconf 89' lang='lat' dir='ltr'><strong>quoque,</strong></span> <span class='ocrx_word' id='word_1_88' title='bbox 1285 932 1376 998; x_wconf 89' lang='lat' dir='ltr'><strong>qui</strong></span> <span class='ocrx_word' id='word_1_89' title='bbox 1399 937 1457 984; x_wconf 87' lang='lat' dir='ltr'><strong>et</strong></span> <span class='ocrx_word' id='word_1_90' title='bbox 1478 932 1821 999; x_wconf 79' lang='lat' dir='ltr'><strong>nicophorus</strong></span> <span class='ocrx_word' id='word_1_91' title='bbox 1840 946 1932 983; x_wconf 86' lang='lat' dir='ltr'><strong>co·</strong></span> 
     </span>
     <span class='ocr_line' id='line_1_13' title="bbox 330 1000 1934 1071; baseline -0.002 -17"><span class='ocrx_word' id='word_1_92' title='bbox 330 1002 704 1071; x_wconf 87' lang='lat' dir='ltr'><strong>gnominatur,</strong></span> <span class='ocrx_word' id='word_1_93' title='bbox 748 1000 1169 1052; x_wconf 86' lang='lat' dir='ltr'><strong>similitudinem</strong></span> <span class='ocrx_word' id='word_1_94' title='bbox 1206 1002 1408 1053; x_wconf 79' lang='lat' dir='ltr'><strong>ederae</strong></span> <span class='ocrx_word' id='word_1_95' title='bbox 1428 1000 1619 1065; x_wconf 87' lang='lat' dir='ltr'><strong>habet,</strong></span> <span class='ocrx_word' id='word_1_96' title='bbox 1664 1003 1934 1055; x_wconf 86' lang='lat' dir='ltr'><strong>tenuiori-</strong></span> 
     </span>
     <span class='ocr_line' id='line_1_14' title="bbox 327 1071 1931 1139; baseline -0.004 -13"><span class='ocrx_word' id='word_1_97' title='bbox 327 1076 432 1126; x_wconf 86' lang='lat' dir='ltr'><strong>bus</strong></span> <span class='ocrx_word' id='word_1_98' title='bbox 452 1072 624 1125; x_wconf 77' lang='lat' dir='ltr'><strong>foliis.</strong></span> <span class='ocrx_word' id='word_1_99' title='bbox 701 1073 974 1123; x_wconf 87' lang='lat' dir='ltr'><strong>Coronam</strong></span> <span class='ocrx_word' id='word_1_100' title='bbox 1011 1084 1084 1122; x_wconf 85' lang='lat' dir='ltr'><strong>ex</strong></span> <span class='ocrx_word' id='word_1_101' title='bbox 1113 1085 1181 1121; x_wconf 89' lang='lat' dir='ltr'><strong>eo</strong></span> <span class='ocrx_word' id='word_1_102' title='bbox 1208 1071 1409 1123; x_wconf 79' lang='lat' dir='ltr'><strong>factam</strong></span> <span class='ocrx_word' id='word_1_103' title='bbox 1444 1073 1641 1139; x_wconf 85' lang='lat' dir='ltr'><strong>impari</strong></span> <span class='ocrx_word' id='word_1_104' title='bbox 1666 1071 1931 1123; x_wconf 75' lang='lat' dir='ltr'><strong>foliorum</strong></span> 
     </span>
     <span class='ocr_line' id='line_1_15' title="bbox 329 1124 1931 1206; baseline -0.004 -11"><span class='ocrx_word' id='word_1_105' title='bbox 329 1158 575 1202; x_wconf 87' lang='lat' dir='ltr'><strong>numero,</strong></span> <span class='ocrx_word' id='word_1_106' title='bbox 613 1124 778 1193; x_wconf 76' lang='lat' dir='ltr'><strong>&#39;aiunt</strong></span> <span class='ocrx_word' id='word_1_107' title='bbox 817 1139 1013 1206; x_wconf 84' lang='lat' dir='ltr'><strong>capitis</strong></span> <span class='ocrx_word' id='word_1_108' title='bbox 1059 1139 1350 1192; x_wconf 83' lang='lat' dir='ltr'><strong>doloribus</strong></span> <span class='ocrx_word' id='word_1_109' title='bbox 1390 1142 1616 1193; x_wconf 82' lang='lat' dir='ltr'><strong>mederi.</strong></span> <span class='ocrx_word' id='word_1_110' title='bbox 1692 1140 1931 1205; x_wconf 75' lang='lat' dir='ltr'><strong>Quidam</strong></span> 
     </span>
     <span class='ocr_line' id='line_1_16' title="bbox 329 1209 1935 1279; baseline -0.002 -16"><span class='ocrx_word' id='word_1_111' title='bbox 329 1214 440 1263; x_wconf 91' lang='lat' dir='ltr'><strong>duo</strong></span> <span class='ocrx_word' id='word_1_112' title='bbox 466 1226 672 1279; x_wconf 82' lang='lat' dir='ltr'><strong>genera</strong></span> <span class='ocrx_word' id='word_1_113' title='bbox 691 1211 939 1262; x_wconf 86' lang='lat' dir='ltr'><strong>smilacis</strong></span> <span class='ocrx_word' id='word_1_114' title='bbox 963 1210 1175 1263; x_wconf 85' lang='lat' dir='ltr'><strong>dixere.</strong></span> <span class='ocrx_word' id='word_1_115' title='bbox 1236 1212 1484 1262; x_wconf 79' lang='lat' dir='ltr'><strong>Alterum</strong></span> <span class='ocrx_word' id='word_1_116' title='bbox 1508 1209 1935 1263; x_wconf 78' lang='lat' dir='ltr'><strong>immortalitati</strong></span> 
     </span>
     <span class='ocr_line' id='line_1_17' title="bbox 327 1279 1933 1347; baseline -0.001 -15"><span class='ocrx_word' id='word_1_117' title='bbox 327 1282 660 1347; x_wconf 81' lang='lat' dir='ltr'><strong>proximum,</strong></span> <span class='ocrx_word' id='word_1_118' title='bbox 693 1281 752 1347; x_wconf 75' lang='lat' dir='ltr'><strong>in</strong></span> <span class='ocrx_word' id='word_1_119' title='bbox 771 1280 1115 1331; x_wconf 72' lang='lat' dir='ltr'><strong>convallibus</strong></span> <span class='ocrx_word' id='word_1_120' title='bbox 1137 1282 1344 1347; x_wconf 82' lang='lat' dir='ltr'><strong>opacis,</strong></span> <span class='ocrx_word' id='word_1_121' title='bbox 1382 1279 1741 1332; x_wconf 82' lang='lat' dir='ltr'><strong>scandentem</strong></span> <span class='ocrx_word' id='word_1_122' title='bbox 1766 1281 1933 1332; x_wconf 88' lang='lat' dir='ltr'><strong>arbo·</strong></span> 
     </span>
     <span class='ocr_line' id='line_1_18' title="bbox 325 1349 1936 1417; baseline -0.002 -16"><span class='ocrx_word' id='word_1_123' title='bbox 325 1365 433 1413; x_wconf 90' lang='lat' dir='ltr'><strong>res,</strong></span> <span class='ocrx_word' id='word_1_124' title='bbox 459 1350 801 1401; x_wconf 77' lang='lat' dir='ltr'><strong>comantibus</strong></span> <span class='ocrx_word' id='word_1_125' title='bbox 821 1349 1107 1401; x_wconf 86' lang='lat' dir='ltr'><strong>acinorum</strong></span> <span class='ocrx_word' id='word_1_126' title='bbox 1130 1352 1427 1417; x_wconf 89' lang='lat' dir='ltr'><strong>corymbis,</strong></span> <span class='ocrx_word' id='word_1_127' title='bbox 1439 1356 1630 1401; x_wconf 83' lang='lat' dir='ltr'><strong>contra</strong></span> <span class='ocrx_word' id='word_1_128' title='bbox 1648 1356 1936 1401; x_wconf 76' lang='lat' dir='ltr'><strong>venenata</strong></span> 
     </span>
     <span class='ocr_line' id='line_1_19' title="bbox 326 1418 1935 1480; baseline -0.002 -8"><span class='ocrx_word' id='word_1_129' title='bbox 326 1420 517 1472; x_wconf 82' lang='lat' dir='ltr'><strong>onmia</strong></span> <span class='ocrx_word' id='word_1_130' title='bbox 539 1418 951 1480; x_wconf 83' lang='lat' dir='ltr'><strong>efficacissimis,</strong></span> <span class='ocrx_word' id='word_1_131' title='bbox 966 1421 1022 1470; x_wconf 89' lang='lat' dir='ltr'><strong>in</strong></span> <span class='ocrx_word' id='word_1_132' title='bbox 1044 1427 1257 1471; x_wconf 80' lang='lat' dir='ltr'><strong>tantum</strong></span> <span class='ocrx_word' id='word_1_133' title='bbox 1278 1426 1341 1471; x_wconf 85' lang='lat' dir='ltr'><strong>ut</strong></span> <span class='ocrx_word' id='word_1_134' title='bbox 1361 1420 1647 1471; x_wconf 83' lang='lat' dir='ltr'><strong>acinorum</strong></span> <span class='ocrx_word' id='word_1_135' title='bbox 1662 1432 1831 1470; x_wconf 85' lang='lat' dir='ltr'><strong>succo</strong></span> <span class='ocrx_word' id='word_1_136' title='bbox 1852 1420 1935 1469; x_wconf 85' lang='lat' dir='ltr'><strong>in·</strong></span> 
     </span>
     <span class='ocr_line' id='line_1_20' title="bbox 324 1488 1933 1556; baseline -0.003 -14"><span class='ocrx_word' id='word_1_137' title='bbox 324 1488 574 1542; x_wconf 83' lang='lat' dir='ltr'><strong>fantibus</strong></span> <span class='ocrx_word' id='word_1_138' title='bbox 615 1504 781 1555; x_wconf 85' lang='lat' dir='ltr'><strong>saepe</strong></span> <span class='ocrx_word' id='word_1_139' title='bbox 805 1490 1101 1552; x_wconf 85' lang='lat' dir='ltr'><strong>instillato,</strong></span> <span class='ocrx_word' id='word_1_140' title='bbox 1146 1490 1297 1542; x_wconf 89' lang='lat' dir='ltr'><strong>nulla</strong></span> <span class='ocrx_word' id='word_1_141' title='bbox 1317 1498 1515 1556; x_wconf 80' lang='lat' dir='ltr'><strong>postea</strong></span> <span class='ocrx_word' id='word_1_142' title='bbox 1549 1503 1758 1542; x_wconf 83' lang='lat' dir='ltr'><strong>venena</strong></span> <span class='ocrx_word' id='word_1_143' title='bbox 1780 1488 1933 1541; x_wconf 86' lang='lat' dir='ltr'><strong>noei-</strong></span> 
     </span>
     <span class='ocr_line' id='line_1_21' title="bbox 324 1557 2010 1628; baseline -0.002 -16"><span class='ocrx_word' id='word_1_144' title='bbox 324 1568 452 1612; x_wconf 86' lang='lat' dir='ltr'><strong>tura</strong></span> <span class='ocrx_word' id='word_1_145' title='bbox 474 1560 605 1610; x_wconf 88' lang='lat' dir='ltr'><strong>sint.</strong></span> <span class='ocrx_word' id='word_1_146' title='bbox 681 1561 926 1612; x_wconf 79' lang='lat' dir='ltr'><strong>Alterum</strong></span> <span class='ocrx_word' id='word_1_147' title='bbox 953 1575 1130 1628; x_wconf 83' lang='lat' dir='ltr'><strong>genus</strong></span> <span class='ocrx_word' id='word_1_148' title='bbox 1152 1559 1303 1612; x_wconf 85' lang='lat' dir='ltr'><strong>culta</strong></span> <span class='ocrx_word' id='word_1_149' title='bbox 1322 1575 1533 1622; x_wconf 86' lang='lat' dir='ltr'><strong>amare,</strong></span> <span class='ocrx_word' id='word_1_150' title='bbox 1573 1567 1631 1612; x_wconf 87' lang='lat' dir='ltr'><strong>et</strong></span> <span class='ocrx_word' id='word_1_151' title='bbox 1652 1559 1706 1610; x_wconf 90' lang='lat' dir='ltr'><strong>in</strong></span> <span class='ocrx_word' id='word_1_152' title='bbox 1731 1557 1825 1610; x_wconf 85' lang='lat' dir='ltr'><strong>his</strong></span> <span class='ocrx_word' id='word_1_153' title='bbox 1846 1560 1931 1628; x_wconf 78' lang='lat' dir='ltr'><strong>gi·-</strong></span> <span class='ocrx_word' id='word_1_154' title='bbox 2009 1619 2010 1625; x_wconf 15' lang='lat'>¹</span> 
     </span>
     <span class='ocr_line' id='line_1_22' title="bbox 324 1628 1933 1698; baseline -0.001 -18"><span class='ocrx_word' id='word_1_155' title='bbox 324 1630 433 1698; x_wconf 85' lang='lat' dir='ltr'><strong>gni,</strong></span> <span class='ocrx_word' id='word_1_156' title='bbox 474 1628 682 1679; x_wconf 87' lang='lat' dir='ltr'><strong>nullius</strong></span> <span class='ocrx_word' id='word_1_157' title='bbox 712 1629 956 1680; x_wconf 83' lang='lat' dir='ltr'><strong>effectus.</strong></span> <span class='ocrx_word' id='word_1_158' title='bbox 1030 1629 1191 1682; x_wconf 80' lang='lat' dir='ltr'><strong>Illam</strong></span> <span class='ocrx_word' id='word_1_159' title='bbox 1216 1643 1337 1682; x_wconf 80' lang='lat' dir='ltr'><strong>esse</strong></span> <span class='ocrx_word' id='word_1_160' title='bbox 1358 1631 1642 1682; x_wconf 84' lang='lat' dir='ltr'><strong>smilacem</strong></span> <span class='ocrx_word' id='word_1_161' title='bbox 1668 1630 1933 1696; x_wconf 76' lang='lat' dir='ltr'><strong>priorem.</strong></span> 
     </span>
     <span class='ocr_line' id='line_1_23' title="bbox 323 1697 2008 1766; baseline -0.002 -14"><span class='ocrx_word' id='word_1_162' title='bbox 323 1700 481 1752; x_wconf 88' lang='lat' dir='ltr'><strong>cuius</strong></span> <span class='ocrx_word' id='word_1_163' title='bbox 527 1699 736 1766; x_wconf 79' lang='lat' dir='ltr'><strong>lignum</strong></span> <span class='ocrx_word' id='word_1_164' title='bbox 782 1697 852 1749; x_wconf 86' lang='lat' dir='ltr'><strong>ad</strong></span> <span class='ocrx_word' id='word_1_165' title='bbox 895 1713 1060 1750; x_wconf 81' lang='lat' dir='ltr'><strong>aures</strong></span> <span class='ocrx_word' id='word_1_166' title='bbox 1102 1715 1301 1752; x_wconf 86' lang='lat' dir='ltr'><strong>sonare</strong></span> <span class='ocrx_word' id='word_1_167' title='bbox 1340 1700 1599 1750; x_wconf 85' lang='lat' dir='ltr'><strong>diximus.</strong></span> <span class='ocrx_word' id='word_1_168' title='bbox 1672 1699 1931 1752; x_wconf 83' lang='lat' dir='ltr'><strong>Similem</strong></span> <span class='ocrx_word' id='word_1_169' title='bbox 2007 1721 2008 1741; x_wconf 26' lang='lat' dir='ltr'><strong>l</strong></span> 
     </span>
     <span class='ocr_line' id='line_1_24' title="bbox 324 1768 1935 1836; baseline -0.002 -14"><span class='ocrx_word' id='word_1_170' title='bbox 324 1770 451 1822; x_wconf 82' lang='lat' dir='ltr'><strong>huic</strong></span> <span class='ocrx_word' id='word_1_171' title='bbox 475 1768 651 1835; x_wconf 78' lang='lat' dir='ltr'><strong>aliqui</strong></span> <span class='ocrx_word' id='word_1_172' title='bbox 693 1768 994 1820; x_wconf 86' lang='lat' dir='ltr'><strong>clematida</strong></span> <span class='ocrx_word' id='word_1_173' title='bbox 1029 1771 1470 1836; x_wconf 80' lang='lat' dir='ltr'><strong>appellaverunt,</strong></span> <span class='ocrx_word' id='word_1_174' title='bbox 1516 1775 1808 1836; x_wconf 81' lang='lat' dir='ltr'><strong>repentem</strong></span> <span class='ocrx_word' id='word_1_175' title='bbox 1830 1783 1935 1835; x_wconf 83' lang='lat' dir='ltr'><strong>per</strong></span> 
     </span>
     <span class='ocr_line' id='line_1_25' title="bbox 323 1838 1931 1905; baseline -0.002 -12"><span class='ocrx_word' id='word_1_176' title='bbox 323 1841 570 1902; x_wconf 86' lang='lat' dir='ltr'><strong>arbores,</strong></span> <span class='ocrx_word' id='word_1_177' title='bbox 611 1838 984 1905; x_wconf 81' lang='lat' dir='ltr'><strong>geniculatam</strong></span> <span class='ocrx_word' id='word_1_178' title='bbox 1031 1845 1089 1889; x_wconf 87' lang='lat' dir='ltr'><strong>et</strong></span> <span class='ocrx_word' id='word_1_179' title='bbox 1125 1841 1324 1905; x_wconf 85' lang='lat' dir='ltr'><strong>ipsam.</strong></span> <span class='ocrx_word' id='word_1_180' title='bbox 1395 1839 1561 1891; x_wconf 87' lang='lat' dir='ltr'><strong>Folia</strong></span> <span class='ocrx_word' id='word_1_181' title='bbox 1600 1839 1931 1905; x_wconf 79' lang='lat' dir='ltr'><strong>eius-lepras</strong></span> 
     </span>
     <span class='ocr_line' id='line_1_26' title="bbox 322 1907 2004 1978; baseline -0.003 -16"><span class='ocrx_word' id='word_1_182' title='bbox 322 1916 580 1978; x_wconf 83' lang='lat' dir='ltr'><strong>purgant.</strong></span> <span class='ocrx_word' id='word_1_183' title='bbox 653 1907 849 1960; x_wconf 87' lang='lat' dir='ltr'><strong>Semen</strong></span> <span class='ocrx_word' id='word_1_184' title='bbox 871 1909 1059 1959; x_wconf 85' lang='lat' dir='ltr'><strong>alvum</strong></span> <span class='ocrx_word' id='word_1_185' title='bbox 1080 1910 1250 1960; x_wconf 85' lang='lat' dir='ltr'><strong>solvit</strong></span> <span class='ocrx_word' id='word_1_186' title='bbox 1272 1908 1551 1961; x_wconf 84' lang='lat' dir='ltr'><strong>acetabuli</strong></span> <span class='ocrx_word' id='word_1_187' title='bbox 1575 1923 1855 1968; x_wconf 79' lang='lat' dir='ltr'><strong>mensura,</strong></span> <span class='ocrx_word' id='word_1_188' title='bbox 1874 1909 1932 1958; x_wconf 86' lang='lat' dir='ltr'><strong>in</strong></span> <span class='ocrx_word' id='word_1_189' title='bbox 2003 1963 2004 1966; x_wconf 8' lang='grc' dir='ltr'><strong>Ἴ</strong></span> 
     </span>
     <span class='ocr_line' id='line_1_27' title="bbox 321 1978 1927 2046; baseline -0.003 -14"><span class='ocrx_word' id='word_1_190' title='bbox 321 1996 499 2046; x_wconf 86' lang='lat' dir='ltr'><strong>aquae</strong></span> <span class='ocrx_word' id='word_1_191' title='bbox 543 1978 766 2029; x_wconf 86' lang='lat' dir='ltr'><strong>hemina</strong></span> <span class='ocrx_word' id='word_1_192' title='bbox 803 1984 901 2028; x_wconf 89' lang='lat' dir='ltr'><strong>aut</strong></span> <span class='ocrx_word' id='word_1_193' title='bbox 939 1991 1082 2042; x_wconf 84' lang='lat' dir='ltr'><strong>aqua</strong></span> <span class='ocrx_word' id='word_1_194' title='bbox 1117 1978 1319 2031; x_wconf 86' lang='lat' dir='ltr'><strong>mulsa.</strong></span> <span class='ocrx_word' id='word_1_195' title='bbox 1393 1978 1578 2030; x_wconf 88' lang='lat' dir='ltr'><strong>Datur</strong></span> <span class='ocrx_word' id='word_1_196' title='bbox 1616 1994 1688 2031; x_wconf 83' lang='lat' dir='ltr'><strong>ex</strong></span> <span class='ocrx_word' id='word_1_197' title='bbox 1728 1978 1927 2032; x_wconf 86' lang='lat' dir='ltr'><strong>eadem</strong></span> 
     </span>
     <span class='ocr_line' id='line_1_28' title="bbox 321 2047 1042 2103; baseline -0.003 -4"><span class='ocrx_word' id='word_1_198' title='bbox 321 2064 489 2099; x_wconf 82' lang='lat' dir='ltr'><strong>causa</strong></span> <span class='ocrx_word' id='word_1_199' title='bbox 511 2055 567 2103; x_wconf 86' lang='lat' dir='ltr'><strong>et</strong></span> <span class='ocrx_word' id='word_1_200' title='bbox 589 2047 875 2099; x_wconf 86' lang='lat' dir='ltr'><strong>decoctum</strong></span> <span class='ocrx_word' id='word_1_201' title='bbox 903 2047 1042 2098; x_wconf 89' lang='lat' dir='ltr'><strong>eius.</strong></span> 
     </span>
    </p>

    <p class='ocr_par' dir='ltr' id='par_1_4' title="bbox 320 2114 1998 2745">
     <span class='ocr_line' id='line_1_29' title="bbox 392 2114 1927 2184; baseline 0.001 -14"><span class='ocrx_word' id='word_1_202' title='bbox 392 2119 455 2170; x_wconf 63' lang='lat'><strong>1..</strong></span> <span class='ocrx_word' id='word_1_203' title='bbox 494 2116 796 2169; x_wconf 81' lang='lat' dir='ltr'><strong>Arundinis</strong></span> <span class='ocrx_word' id='word_1_204' title='bbox 819 2131 1024 2184; x_wconf 83' lang='lat' dir='ltr'><strong>genera</strong></span> <span class='ocrx_word' id='word_1_205' title='bbox 1044 2114 1231 2169; x_wconf 69' lang='lat' dir='ltr'><strong>xxix</strong></span> <span class='ocrx_word' id='word_1_206' title='bbox 1254 2116 1780 2180; x_wconf 86' lang='lat' dir='ltr'><strong>demonstravimus,</strong></span> <span class='ocrx_word' id='word_1_207' title='bbox 1816 2136 1927 2171; x_wconf 87' lang='lat' dir='ltr'><strong>non</strong></span> 
     </span>
     <span class='ocr_line' id='line_1_30' title="bbox 322 2185 1927 2254; baseline 0 -14"><span class='ocrx_word' id='word_1_208' title='bbox 322 2188 490 2240; x_wconf 85' lang='lat' dir='ltr'><strong>aliter</strong></span> <span class='ocrx_word' id='word_1_209' title='bbox 511 2185 852 2240; x_wconf 85' lang='lat' dir='ltr'><strong>evidentiore</strong></span> <span class='ocrx_word' id='word_1_210' title='bbox 866 2186 974 2237; x_wconf 81' lang='lat' dir='ltr'><strong>illa</strong></span> <span class='ocrx_word' id='word_1_211' title='bbox 997 2192 1233 2238; x_wconf 85' lang='lat' dir='ltr'><strong>naturae</strong></span> <span class='ocrx_word' id='word_1_212' title='bbox 1256 2188 1327 2248; x_wconf 83' lang='lat' dir='ltr'><strong>vi,</strong></span> <span class='ocrx_word' id='word_1_213' title='bbox 1348 2201 1510 2254; x_wconf 87' lang='lat' dir='ltr'><strong>quam</strong></span> <span class='ocrx_word' id='word_1_214' title='bbox 1538 2189 1819 2240; x_wconf 80' lang='lat' dir='ltr'><strong>continuis</strong></span> <span class='ocrx_word' id='word_1_215' title='bbox 1841 2189 1927 2241; x_wconf 85' lang='lat' dir='ltr'><strong>his</strong></span> 
     </span>
     <span class='ocr_line' id='line_1_31' title="bbox 320 2256 1998 2324; baseline 0.004 -17"><span class='ocrx_word' id='word_1_216' title='bbox 320 2257 692 2310; x_wconf 79' lang='lat' dir='ltr'><strong>voluminibus</strong></span> <span class='ocrx_word' id='word_1_217' title='bbox 714 2260 1040 2308; x_wconf 86' lang='lat' dir='ltr'><strong>tractamus.</strong></span> <span class='ocrx_word' id='word_1_218' title='bbox 1112 2256 1394 2324; x_wconf 84' lang='lat' dir='ltr'><strong>Siquidem</strong></span> <span class='ocrx_word' id='word_1_219' title='bbox 1436 2259 1726 2308; x_wconf 85' lang='lat' dir='ltr'><strong>arundinis</strong></span> <span class='ocrx_word' id='word_1_220' title='bbox 1769 2259 1927 2310; x_wconf 82' lang='lat' dir='ltr'><strong>radix</strong></span> <span class='ocrx_word' id='word_1_221' title='bbox 1997 2297 1998 2313; x_wconf 54' lang='lat'>2</span> 
     </span>
     <span class='ocr_line' id='line_1_32' title="bbox 321 2325 1923 2395; baseline -0.001 -16"><span class='ocrx_word' id='word_1_222' title='bbox 321 2329 567 2380; x_wconf 87' lang='lat' dir='ltr'><strong>contrita</strong></span> <span class='ocrx_word' id='word_1_223' title='bbox 589 2332 646 2377; x_wconf 91' lang='lat' dir='ltr'><strong>et</strong></span> <span class='ocrx_word' id='word_1_224' title='bbox 667 2325 947 2392; x_wconf 81' lang='lat' dir='ltr'><strong>imposita,</strong></span> <span class='ocrx_word' id='word_1_225' title='bbox 991 2325 1155 2376; x_wconf 77' lang='lat' dir='ltr'><strong>filicis</strong></span> <span class='ocrx_word' id='word_1_226' title='bbox 1194 2328 1424 2395; x_wconf 82' lang='lat' dir='ltr'><strong>stirpem</strong></span> <span class='ocrx_word' id='word_1_227' title='bbox 1466 2342 1563 2378; x_wconf 76' lang='lat' dir='ltr'><strong>con</strong></span> <span class='ocrx_word' id='word_1_228' title='bbox 1568 2335 1703 2392; x_wconf 81' lang='lat' dir='ltr'><strong>pore</strong></span> <span class='ocrx_word' id='word_1_229' title='bbox 1738 2333 1923 2379; x_wconf 85' lang='lat' dir='ltr'><strong>extra-</strong></span> 
     </span>
     <span class='ocr_line' id='line_1_33' title="bbox 325 2396 1925 2464; baseline 0.001 -18"><span class='ocrx_word' id='word_1_230' title='bbox 325 2397 430 2447; x_wconf 74' lang='lat' dir='ltr'><strong>nit.</strong></span> <span class='ocrx_word' id='word_1_231' title='bbox 470 2397 607 2448; x_wconf 84' lang='lat' dir='ltr'><strong>item</strong></span> <span class='ocrx_word' id='word_1_232' title='bbox 630 2397 954 2462; x_wconf 82' lang='lat' dir='ltr'><strong>arundinem</strong></span> <span class='ocrx_word' id='word_1_233' title='bbox 980 2396 1149 2447; x_wconf 78' lang='lat' dir='ltr'><strong>filicis</strong></span> <span class='ocrx_word' id='word_1_234' title='bbox 1171 2397 1351 2448; x_wconf 77' lang='lat' dir='ltr'><strong>radix.</strong></span> <span class='ocrx_word' id='word_1_235' title='bbox 1427 2397 1500 2448; x_wconf 82' lang='lat' dir='ltr'><strong>Et</strong></span> <span class='ocrx_word' id='word_1_236' title='bbox 1521 2397 1787 2462; x_wconf 82' lang='lat' dir='ltr'><strong>quoniam</strong></span> <span class='ocrx_word' id='word_1_237' title='bbox 1811 2399 1925 2464; x_wconf 85' lang='lat' dir='ltr'><strong>plu-</strong></span> 
     </span>
     <span class='ocr_line' id='line_1_34' title="bbox 320 2464 1927 2552; baseline 0.003 -38"><span class='ocrx_word' id='word_1_238' title='bbox 320 2479 384 2515; x_wconf 86' lang='lat' dir='ltr'><strong>ra</strong></span> <span class='ocrx_word' id='word_1_239' title='bbox 408 2480 613 2531; x_wconf 85' lang='lat' dir='ltr'><strong>genera</strong></span> <span class='ocrx_word' id='word_1_240' title='bbox 633 2464 890 2528; x_wconf 79' lang='lat' dir='ltr'><strong>fecimus,</strong></span> <span class='ocrx_word' id='word_1_241' title='bbox 933 2466 1035 2517; x_wconf 86' lang='lat' dir='ltr'><strong>illa</strong></span> <span class='ocrx_word' id='word_1_242' title='bbox 1070 2478 1211 2532; x_wconf 88' lang='lat' dir='ltr'><strong>quae</strong></span> <span class='ocrx_word' id='word_1_243' title='bbox 1233 2466 1288 2516; x_wconf 91' lang='lat' dir='ltr'><strong>in</strong></span> <span class='ocrx_word' id='word_1_244' title='bbox 1312 2465 1515 2516; x_wconf 73' lang='lat' dir='ltr'><strong>iudaea</strong></span> <span class='ocrx_word' id='word_1_245' title='bbox 1538 2464 1815 2552; x_wconf 83' lang='lat' dir='ltr'><strong>Syriaque</strong></span> <span class='ocrx_word' id='word_1_246' title='bbox 1838 2483 1927 2518; x_wconf 89' lang='lat' dir='ltr'><strong>na-</strong></span> 
     </span>
     <span class='ocr_line' id='line_1_35' title="bbox 322 2533 1992 2618; baseline 0.003 -35"><span class='ocrx_word' id='word_1_247' title='bbox 322 2533 499 2583; x_wconf 85' lang='lat' dir='ltr'><strong>scitur</strong></span> <span class='ocrx_word' id='word_1_248' title='bbox 531 2534 764 2585; x_wconf 88' lang='lat' dir='ltr'><strong>odorum</strong></span> <span class='ocrx_word' id='word_1_249' title='bbox 807 2541 1329 2618; x_wconf 81' lang='lat' dir='ltr'><strong>unguentorumque</strong></span> <span class='ocrx_word' id='word_1_250' title='bbox 1356 2551 1541 2600; x_wconf 82' lang='lat' dir='ltr'><strong>causa,</strong></span> <span class='ocrx_word' id='word_1_251' title='bbox 1565 2535 1785 2589; x_wconf 84' lang='lat' dir='ltr'><strong>urinam</strong></span> <span class='ocrx_word' id='word_1_252' title='bbox 1812 2553 1923 2588; x_wconf 89' lang='lat' dir='ltr'><strong>mo-</strong></span> <span class='ocrx_word' id='word_1_253' title='bbox 1990 2593 1992 2598; x_wconf 88' lang='lat'><strong>.</strong></span> 
     </span>
     <span class='ocr_line' id='line_1_36' title="bbox 323 2605 1919 2671; baseline 0.006 -22"><span class='ocrx_word' id='word_1_254' title='bbox 323 2607 417 2652; x_wconf 81' lang='lat' dir='ltr'><strong>vet</strong></span> <span class='ocrx_word' id='word_1_255' title='bbox 438 2615 562 2651; x_wconf 93' lang='lat' dir='ltr'><strong>cum</strong></span> <span class='ocrx_word' id='word_1_256' title='bbox 583 2605 831 2667; x_wconf 85' lang='lat' dir='ltr'><strong>gramine</strong></span> <span class='ocrx_word' id='word_1_257' title='bbox 853 2611 949 2656; x_wconf 89' lang='lat' dir='ltr'><strong>aut</strong></span> <span class='ocrx_word' id='word_1_258' title='bbox 971 2605 1086 2671; x_wconf 81' lang='lat' dir='ltr'><strong>apii</strong></span> <span class='ocrx_word' id='word_1_259' title='bbox 1108 2607 1319 2656; x_wconf 78' lang='lat' dir='ltr'><strong>semine</strong></span> <span class='ocrx_word' id='word_1_260' title='bbox 1342 2605 1589 2656; x_wconf 85' lang='lat' dir='ltr'><strong>decocta.</strong></span> <span class='ocrx_word' id='word_1_261' title='bbox 1630 2607 1755 2659; x_wconf 83' lang='lat' dir='ltr'><strong>ciet</strong></span> <span class='ocrx_word' id='word_1_262' title='bbox 1774 2613 1919 2658; x_wconf 79' lang='lat' dir='ltr'><strong>rnen·</strong></span> 
     </span>
     <span class='ocr_line' id='line_1_37' title="bbox 323 2669 1990 2745; baseline 0.005 -25"><span class='ocrx_word' id='word_1_263' title='bbox 323 2676 484 2729; x_wconf 77' lang='lat' dir='ltr'><strong>strua</strong></span> <span class='ocrx_word' id='word_1_264' title='bbox 505 2669 746 2724; x_wconf 77' lang='lat' dir='ltr'><strong>admota.</strong></span> <span class='ocrx_word' id='word_1_265' title='bbox 805 2675 1063 2728; x_wconf 86' lang='lat' dir='ltr'><strong>Medetur</strong></span> <span class='ocrx_word' id='word_1_266' title='bbox 1084 2674 1365 2726; x_wconf 72' lang='lat' dir='ltr'><strong>convulsis</strong></span> <span class='ocrx_word' id='word_1_267' title='bbox 1383 2675 1609 2730; x_wconf 82' lang='lat' dir='ltr'><strong>duobus</strong></span> <span class='ocrx_word' id='word_1_268' title='bbox 1628 2677 1921 2745; x_wconf 77' lang='lat' dir='ltr'><strong>&#39;obolispo-</strong></span> <span class='ocrx_word' id='word_1_269' title='bbox 1988 2685 1990 2690; x_wconf 84' lang='lat'>&#39;</span> 
     </span>
    </p>
   </div>
   <div class='ocr_carea' id='block_1_3' title="bbox 1984 2407 1998 2917">
    <p class='ocr_par' dir='ltr' id='par_1_5' title="bbox 1984 2407 1998 2917">
     <span class='ocr_line' id='line_1_38' title="bbox 1984 2407 1998 2917; baseline 0 0"><span class='ocrx_word' id='word_1_270' title='bbox 1984 2407 1998 2917; x_wconf 95' lang='lat' dir='ltr'><strong> </strong></span> 
     </span>
    </p>
   </div>
  </div>
 </body>
</html>
