2033 3044
227 136 538 191 NATUR.
557 133 906 190 HISTOR.
927 135 1090 191 Lm.
1111 137 1329 192 XXVI
1347 141 1427 195 1‘1.
1449 139 1594 195 8-11.
1672 141 1771 197 163

165 239 358 294 Pollex
377 241 440 292 in
465 239 610 308 pede
634 240 980 308 praeligatus
1003 241 1259 308 proximo
1282 243 1479 311 digito,
1521 252 1771 298 tumores

157 311 443 379 inguinum
469 309 651 361 sedat.
724 311 787 360 ln
808 325 972 363 manu
1005 312 1209 362 dextra
1228 311 1341 362 duo
1364 314 1535 364 medii
1558 309 1771 368 lindie-

161 381 292 432 viter
313 379 602 446 colligati,
648 378 1053 431 distillationes
1093 387 1261 447 atque
1300 382 1665 447 lippitudines
1686 401 1773 437 ar·

157 457 292 502 cent.
373 448 528 510 Quin
553 454 611 500 et
635 449 848 500 eiectus
872 449 1104 515 lapillus
1128 448 1431 512 calculoso,
1470 452 1763 519 alligatus-

156 533 250 585 que
269 533 448 585 supra
469 519 676 584 pubem
699 517 890 570 levare
913 525 1133 571 ceteros
1156 518 1377 582 dicitur,
1407 535 1473 572 ac
1495 521 1768 574 iocineris

155 589 314 639 etiam
337 587 601 640 dolores:
645 601 713 638 ac
733 587 1081 640 celeritatem
1105 595 1299 654 partus
1322 587 1529 642 facere.
1600 591 1763 642 Addi-

153 657 235 709 dit
245 657 517 718 Granius,
535 655 906 708 efficaciorem
927 657 1000 708 ad
1022 657 1129 709 boc
1150 672 1271 709 esse
1292 657 1444 710 ferro
1468 668 1763 712 exemtum.

152 726 351 777 Partus
375 727 660 778 accelerat
679 726 912 788 vicinos,
933 741 1002 778 ex
1025 741 1134 794 quo
1157 742 1407 795 quaeque
1428 731 1767 795 conceperit,

151 797 200 847 si
219 797 409 848 cia‘ctu
433 811 543 848 suo
565 796 756 848 soluto
777 795 1041 848 feminam
1064 798 1326 859 cinxerit,
1362 797 1491 850 dein
1516 799 1763 862 solverit,

151 866 372 918 adiecta
411 867 764 934 precatione,
805 881 868 918 se
907 865 1171 930 vinxisse,
1212 867 1450 919 eundem
1474 874 1531 919 et
1555 869 1766 920 solutu·

149 949 286 999 rum,
308 943 484 1004 atque
507 935 736 988 abierit.

213 1005 283 1057 X.
320 1004 614 1074 Sanguine
651 1002 839 1071 ipsius
863 1003 1127 1067 hominis,
1172 1020 1239 1058 ex
1260 1019 1584 1072 quacunque
1605 1011 1765 1072 parte

151 1079 370 1138 emisso,
392 1074 782 1127 efficacissime
803 1076 1065 1142 anginam
1086 1074 1237 1126 illini
1260 1074 1489 1126 tradunt
1509 1073 1763 1141 Orpheus

149 1151 204 1196 et
221 1144 562 1198 Archelaus:
606 1147 744 1197 item
767 1157 884 1207 ora,
923 1144 1196 1196 comitiali
1223 1145 1419 1196 morbo
1444 1144 1759 1211 lapsorum:

148 1229 448 1283 exsurgere
471 1215 616 1266 enim
639 1213 908 1280 protinus.
949 1214 1213 1276 Quidam,
1234 1215 1284 1265 si
1302 1215 1535 1281 pollices
1556 1215 1759 1282 pedum
1792 1262 1798 1270 .

145 1290 489 1352 pungantur,
529 1297 710 1349 exque
753 1282 841 1334 liis
881 1289 1080 1352 guttae
1100 1283 1419 1338 referantur
1440 1285 1493 1335 in
1520 1284 1719 1338 faciem
1738 1304 1755 1336 ε

145 1360 239 1405 aut
259 1354 310 1404 si
333 1353 502 1418 virgo
527 1353 729 1404 dextro
759 1352 968 1418 pollice
989 1355 1261 1424 attingat:
1308 1353 1413 1406 hac
1432 1355 1759 1408 coniectura

145 1427 436 1475 censentes
458 1422 704 1489 virgines
727 1435 918 1474 carnes
941 1423 1200 1476 edendas.
1271 1422 1568 1478 Aeschines
1590 1422 1758 1477 Athe·

65 1524 86 1535 -
142 1491 358 1545 niensis
379 1497 860 1544 excrementorum
883 1493 1071 1545 cinere
1093 1495 1307 1563 anginis
1329 1492 1677 1561 medebatur,
1697 1499 1759 1547 et

141 1561 410 1624 tonsillis,
435 1561 688 1629 uvisque,
709 1566 766 1612 et
785 1563 1202 1614 carcinomatis.
1242 1564 1369 1614 Hoc
1388 1566 1759 1617 medicamen-

142 1639 262 1683 tum
283 1631 531 1682 vocabat
550 1632 810 1697 botryon.
868 1633 1052 1683 Multa
1073 1646 1284 1699 genera
1306 1634 1625 1685 morborum
1652 1632 1760 1699 pri·

141 1715 238 1752 mo
279 1700 441 1752 coitu
484 1700 794 1761 solvuntur,
835 1704 1127 1767 primoque
1170 1697 1503 1751 feminarum
1550 1716 1759 1753 mense.

143 1770 258 1821 Aut
277 1770 329 1821 si
364 1766 476 1820 hoc
495 1784 606 1819 non
629 1769 920 1836 contingit,
962 1769 1273 1835 longinqua
1295 1769 1457 1830 liunt,
1499 1770 1763 1820 maxime·

146 1852 254 1905 que
273 1839 609 1891 comitiales.
659 1840 808 1901 Quin
828 1847 884 1891 et
905 1854 940 1889 a
960 1843 1219 1903 serpente
1242 1853 1311 1889 ac
1328 1840 1619 1902 scorpione
1643 1852 1763 1903 per-

147 1923 340 1961 cussos
364 1908 517 1960 coitu
541 1907 716 1959 levari
739 1909 1015 1973 produnt:
1067 1920 1254 1958 verum
1278 1904 1515 1958 feminas
1539 1905 1761 1959 Venere

144 1992 214 2031 ea
251 1976 425 2030 laedi.
499 1977 805 2028 Oculorum
840 1976 984 2031 vitia
1004 1976 1126 2029 fleri
1146 1982 1387 2043 negant,
1432 1990 1537 2027 nec
1557 1974 1761 2041 lippire

144 2061 261 2109 eos,
283 2046 387 2115 qui
413 2061 540 2099 cum
560 2046 731 2113 pedes
753 2046 960 2111 lavant,
991 2060 1141 2115 aqua
1160 2045 1293 2099 inde
1313 2052 1407 2097 ter
1425 2044 1618 2097 oculos
1640 2050 1763 2096 tan·

219 2123 300 2169 nt.

143 2130 312 2239 saxi.
353 2186 664 2238 immatura
702 2189 884 2237 morte
926 2189 1221 2252 raptorum
1263 2198 1457 2247 manu,
1499 2190 1761 2244 strumas,

145 2252 461 2322 parotidas,
501 2260 755 2323 guttura,
775 2260 929 2306 tactu
954 2254 1145 2306 sanari
1176 2254 1473 2306 affirmant.
1518 2250 1762 2315 Quidam

144 2338 278 2377 vero
307 2324 693 2389 cuiuscunque
714 2321 982 2387 defuncti,
1004 2324 1299 2374 dunitaxat
1319 2325 1405 2375 sui
1427 2336 1611 2382 sexus,
1651 2320 1763 2371 lae-

147 2408 216 2446 va
253 2409 430 2445 manu
471 2406 688 2444 aversa.
764 2392 835 2444 Et
867 2409 900 2444 e
920 2393 960 2444 li
1007 2408 1080 2443 no
1105 2392 1327 2459 fulgure
1360 2395 1495 2453 icto,
1533 2390 1764 2441 'reiectis

145 2468 277 2531 post
299 2469 471 2530 terga
490 2460 744 2513 manibus
763 2408 1082 2515 demorfferi
1105 2462 1317 2527 aliquid
1332 2498 1350 2525 ,
1373 2468 1429 2513 et
1448 2460 1520 2511 ad
1540 2459 1764 2511 dentem

147 2532 246 2599 qui
268 2532 487 2592 doleat,
519 2529 823 2595 admoveri,
864 2531 1117 2585 remedio
1140 2544 1263 2582 esse
1283 2530 1547 2596 produnt.
1620 2529 1765 2583 Sunt

149 2602 247 2669 qui
286 2601 644 2669 praecipiant
684 2600 906 2654 dentem
925 2600 1102 2652 suffiri
1124 2598 1291 2652 dente
1314 2598 1547 2651 hominis
1571 2600 1658 2651 sui
1681 2615 1765 2651 se·

147 2684 279 2724 xus=
308 2676 370 2724 et
389 2685 518 2725 eum
542 2670 640 2740 qui
659 2672 894 2724 caninus
915 2669 1457 2792 νος-,θωτρπίειὲυηο
1476 2676 1761 2725 exemtum
