2033 3044
279 169 352 220 UO
664 165 724 226 Q.
791 160 1079 214 PLan
1152 158 1533 214 sssanm

277 266 611 335 refrigerare
634 273 693 319 et
713 265 1081 332 adstringere.
1150 261 1447 314 Medentur
1484 259 1771 331 epiphoris
1794 264 1877 318 fo·

276 338 354 389 lia
375 335 653 403 imposita,
681 336 770 388 vel
796 350 992 386 succus
1011 333 1270 385 inunctis.
1342 329 1553 396 Purgnt
1574 333 1726 384 enim
1746 333 1873 386 hul-

279 422 408 458 cera
430 405 734 470 oculorum,
777 405 1091 470 expletque,
1132 406 1189 452 et
1226 399 1296 451 ad
1319 401 1642 453 cicatricem
1666 401 1874 468 perdu-

276 475 376 526 cit:
414 475 705 542 palpebras
745 473 1081 540 deglutiunt.
1152 471 1395 524 Eaedem
1440 471 1643 536 capitis
1670 473 1879 523 dolori-

275 546 378 596 bus
397 544 704 607 medentur,
725 557 890 594 succo
911 541 1000 594 vel
1020 540 1165 596 folio,
1178 541 1525 608 temporibus
1548 541 1737 592 illitis.
1774 540 1880 594 Ad-

274 621 566 666 versantur
585 612 1005 680 phalangiorum
1030 611 1259 662 ictibus:
1294 611 1519 662 aconito
1538 625 1677 661 vero
1701 611 1878 660 maius

277 684 494 736 aizoum
519 685 832 752 praecipue.
869 683 914 732 A
932 681 1319 746 scorpionibus
1332 694 1553 747 quoque
1574 677 1876 733 habentem

274 753 334 804 id
358 752 516 804 feriri
535 758 759 820 negant.

349 822 643 874 Medentur
662 828 721 872 et
739 823 952 872 aurium
973 818 1175 870 dolori.
1233 820 1369 870 ltem
1392 833 1591 871 succus
1612 820 1877 871 inunctus

283 892 612 958 hyoscyami
636 891 881 942 modice:
927 891 1065 941 item
1088 887 1387 950 Achilleae,
1412 897 1469 942 ,et
1488 889 1731 940 minoris
1754 903 1878 940 cen-

282 961 470 1022 taurii,
491 966 546 1016 et
569 958 938 1027 plantaginisz
971 957 1271 1024 peucedani
1294 974 1416 1010 cum
1437 971 1671 1011 rosaceo
1696 965 1755 1010 et
1770 974 1884 1010 me·

283 1030 469 1084 conio:
509 1031 662 1083 acori
679 1045 875 1082 succus
899 1044 1023 1080 cum
1044 1041 1191 1079 rosa.
1248 1027 1439 1079 Omnis
1462 1034 1649 1081 autem
1668 1027 1884 1094 strigili

284 1100 588 1152 calefactus
611 1099 938 1151 iniunditur.
1011 1096 1331 1164 cotyledon
1347 1098 1515 1150 etiam
1545 1098 1881 1165 purulentis,

283 1179 341 1221 et
363 1185 483 1220 cum
508 1169 752 1222 medulla
773 1168 994 1219 cervina
1018 1166 1303 1218 calefacta.
1370 1167 1538 1219 Ebuli
1556 1166 1766 1218 radicis
1786 1168 1883 1219 tri·

283 1247 376 1290 tae
398 1253 596 1290 succus
636 1239 811 1290 linteo
833 1237 1069 1298 colatus‚
1110 1251 1240 1288 mox
1263 1236 1319 1286 in
1342 1234 1471 1288 Sole
1492 1236 1783 1298 densatus,
1826 1244 1884 1288 ct

273 1323 404 1365 ,cum
423 1322 562 1374 opus
585 1309 678 1368 sit,
691 1321 922 1358 rosaceo
944 1306 1155 1357 dilutus
1174 1311 1231 1356 et
1251 1303 1569 1367 calefactus,
1586 1305 1884 1372 parotidas

285 1381 463 1428 sanat.
534 1375 862 1428 verbenaca
885 1389 1127 1442 quoque:
1151 1375 1285 1428 item
1310 1374 1603 1442 plantago:
1646 1375 1789 1427 item
1813 1377 1883 1426 si.

285 1445 494 1506 deritis,
515 1461 636 1497 cum
662 1445 904 1512 axungia
925 1451 1129 1496 vetere.

355 1513 492 1569 CIV.
526 1515 762 1569 Narium
797 1529 1037 1569 ozaenas
1072 1514 1333 1568 emendat
1364 1513 1737 1568 aristolochia
1756 1532 1881 1568 cum

287 1603 318 1639 c
365 1601 518 1654 pero.
785 1603 796 1613 ·

319 1603 467 1709 yCV.
505 1656 780 1709 Dentibus
818 1656 1071 1707 remedio
1110 1662 1240 1707 sunt
1274 1656 1501 1723 panacis
1544 1655 1711 1708 radix
1732 1671 1881 1708 com-

287 1725 636 1789 manducata,
661 1728 956 1794 praecipue
979 1725 1294 1787 Chironiae,
1324 1727 1457 1777 item
1480 1741 1683 1777 succus
1702 1726 1883 1778 collu-

288 1798 385 1852 tis:
419 1796 580 1848 radix
601 1796 932 1864 hyoscyami
951 1811 1021 1849 ex
1042 1802 1203 1847 aceto
1228 1795 1577 1856 manducata,
1614 1796 1755 1847 item
1776 1794 1883 1846 Po·

285 1867 580 1923 lemoniae.
641 1865 1184 1919 commanducantur
1205 1870 1264 1917 et
1282 1865 1621 1931 plantaginis
1640 1865 1885 1925 radices,

287 1945 384 1994 aut
404 1936 718 1989 colluuntur
736 1938 791 1986 in
816 1942 978 1987 aceto
1001 1934 1265 1987 decoctae
1280 1950 1464 1985 succo.
1500 1937 1575 1985 Et
1596 1935 1743 1986 folia
1752 1942 1884 1985 sunt

288 2006 468 2071 utilia,
508 2006 598 2057 vel
618 2006 664 2056 si
688 2005 960 2072 sanguine
982 2004 1240 2071 gingivae
1271 2010 1607 2069 putrescant.
1680 2004 1883 2055 senen

289 2075 540 2133 eiusdem
563 2079 926 2141 apostemata,
949 2080 1007 2125 et
1030 2074 1391 2125 collectiones
1418 2074 1773 2141 gingivarum
1796 2090 1881 2125 sn-

286 2154 407 2201 nat.
477 2146 550 2197 Et
573 2143 941 2199 aristolochia
963 2142 1218 2209 gingivas
1241 2143 1542 2209 dentesque
1562 2145 1883 2194 confirmat.

286 2216 619 2271 verbenaca
659 2228 779 2264 cum
818 2212 1010 2265 radice
1029 2212 1505 2275 commanducata,
1548 2217 1615 2263 et·
1650 2214 1885 2265 decocta

289 2300 358 2337 ex
377 2285 500 2335 vino
523 2288 620 2337 aut
639 2289 797 2335 aceto
819 2297 1015 2333 succus
1038 2281 1299 2335 collutus.
1354 2283 1487 2335 ltem
1511 2280 1885 2351 quinquefolii

287 2354 521 2416 radices,
561 2354 826 2404 decoctae
869 2352 940 2403 ad
961 2352 1176 2403 tertias
1214 2354 1346 2405 vino
1368 2360 1464 2404 aut
1486 2357 1668 2403 aceto.
1726 2352 1884 2403 Prius

290 2438 423 2473 vero
446 2438 608 2490 quum
634 2422 1033 2488 decoquantur,
1074 2436 1217 2487 aqua
1257 2422 1475 2473 marina
1506 2429 1603 2472 aut
1626 2422 1784 2473 salsa
1802 2422 1885 2472 la-

290 2497 512 2543 vantur.
583 2492 889 2543 Decoctum
925 2491 1019 2544 diu
1042 2492 1339 2543 tenendum
1363 2492 1419 2543 in
1452 2506 1566 2543 ore.
1643 2492 1887 2551 Quidam

294 2558 478 2609 cinere
501 2559 864 2625 quinquefolii
894 2559 1100 2611 fricare
1120 2562 1351 2613 malunt.
1426 2562 1497 2611 Et
1516 2559 1781 2613 verbasci
1803 2576 1887 2613 ra·

294 2626 392 2677 dix
434 2626 760 2693 decoquitur
804 2632 856 2680 in
888 2630 1016 2680 vino
1054 2628 1121 2679 ad
1164 2630 1485 2681 colluendos
1526 2629 1746 2681 dentes.
1822 2630 1894 2681 Et

296 2694 538 2761 hyssopo
559 2694 894 2762 colluuntur,
909 2728 914 2733 -
928 2704 986 2750 et
1009 2699 1313 2763 peucedani
1332 2713 1516 2762 succo,
1556 2712 1687 2751 cum
1710 2714 1892 2753 meco-

910 2786 916 2809 Ι
