<?xml version="1.0" encoding="UTF-8"?>
<!DOCTYPE html PUBLIC "-//W3C//DTD XHTML 1.0 Transitional//EN"
    "http://www.w3.org/TR/xhtml1/DTD/xhtml1-transitional.dtd">
<html xmlns="http://www.w3.org/1999/xhtml" xml:lang="en" lang="en">
 <head>
  <title>
</title>
<meta http-equiv="Content-Type" content="text/html;charset=utf-8" />
  <meta name='ocr-system' content='tesseract 3.04.00' />
  <meta name='ocr-capabilities' content='ocr_page ocr_carea ocr_par ocr_line ocrx_word'/>
</head>
<body>
  <div class='ocr_page' id='page_1' title='image "./historiaenatura05plingoog_0036.png"; bbox 0 0 2033 3044; ppageno 0'>
   <div class='ocr_carea' id='block_1_1' title="bbox 1803 43 1828 74">
    <p class='ocr_par' dir='ltr' id='par_1_1' title="bbox 1803 43 1828 74">
     <span class='ocr_line' id='line_1_1' title="bbox 1803 43 1828 74; baseline 0 0"><span class='ocrx_word' id='word_1_1' title='bbox 1803 43 1828 74; x_wconf 70' lang='grc' dir='ltr'><em>Ι</em></span> 
     </span>
    </p>
   </div>
   <div class='ocr_carea' id='block_1_2' title="bbox 260 151 1776 249">
    <p class='ocr_par' dir='ltr' id='par_1_2' title="bbox 260 151 1776 249">
     <span class='ocr_line' id='line_1_2' title="bbox 260 151 1776 249; baseline 0.001 -2"><span class='ocrx_word' id='word_1_2' title='bbox 260 193 571 249; x_wconf 74' lang='lat' dir='ltr'><strong>NATUR.</strong></span> <span class='ocrx_word' id='word_1_3' title='bbox 609 191 954 246; x_wconf 82' lang='lat' dir='ltr'><strong>Hls&#39;roR.</strong></span> <span class='ocrx_word' id='word_1_4' title='bbox 991 195 1150 246; x_wconf 91' lang='lat' dir='ltr'><strong>LlB.</strong></span> <span class='ocrx_word' id='word_1_5' title='bbox 1186 195 1422 249; x_wconf 83' lang='lat' dir='ltr'><strong>XXIV.</strong></span> <span class='ocrx_word' id='word_1_6' title='bbox 1459 151 1672 248; x_wconf 57' lang='lat'><strong>68-753.</strong></span> <span class='ocrx_word' id='word_1_7' title='bbox 1707 198 1776 248; x_wconf 84' lang='lat'><strong>27</strong></span> 
     </span>
    </p>
   </div>
   <div class='ocr_carea' id='block_1_3' title="bbox 185 297 1810 2776">
    <p class='ocr_par' dir='ltr' id='par_1_3' title="bbox 185 297 1810 2776">
     <span class='ocr_line' id='line_1_3' title="bbox 186 297 1780 350; baseline 0.001 -2"><span class='ocrx_word' id='word_1_8' title='bbox 186 313 315 350; x_wconf 80' lang='lat' dir='ltr'><strong>vum</strong></span> <span class='ocrx_word' id='word_1_9' title='bbox 340 299 567 349; x_wconf 83' lang='lat' dir='ltr'><strong>sistunt.</strong></span> <span class='ocrx_word' id='word_1_10' title='bbox 642 297 821 349; x_wconf 81' lang='lat' dir='ltr'><strong>Radix</strong></span> <span class='ocrx_word' id='word_1_11' title='bbox 844 297 1077 348; x_wconf 78' lang='lat' dir='ltr'><strong>decocta</strong></span> <span class='ocrx_word' id='word_1_12' title='bbox 1099 303 1156 348; x_wconf 86' lang='lat' dir='ltr'><strong>et</strong></span> <span class='ocrx_word' id='word_1_13' title='bbox 1175 298 1326 350; x_wconf 87' lang='lat' dir='ltr'><strong>illita</strong></span> <span class='ocrx_word' id='word_1_14' title='bbox 1347 297 1588 350; x_wconf 77' lang='lat' dir='ltr'><strong>extrahit</strong></span> <span class='ocrx_word' id='word_1_15' title='bbox 1609 300 1780 350; x_wconf 83' lang='lat' dir='ltr'><strong>infixa</strong></span> 
     </span>
     <span class='ocr_line' id='line_1_4' title="bbox 188 365 1779 436; baseline -0.001 -16"><span class='ocrx_word' id='word_1_16' title='bbox 188 367 431 432; x_wconf 77' lang='lat' dir='ltr'>corpori.</span> <span class='ocrx_word' id='word_1_17' title='bbox 505 365 817 416; x_wconf 87' lang='lat' dir='ltr'><strong>Utilissima</strong></span> <span class='ocrx_word' id='word_1_18' title='bbox 854 372 940 416; x_wconf 91' lang='lat' dir='ltr'><strong>est</strong></span> <span class='ocrx_word' id='word_1_19' title='bbox 982 373 1040 416; x_wconf 92' lang='lat' dir='ltr'><strong>et</strong></span> <span class='ocrx_word' id='word_1_20' title='bbox 1083 366 1306 429; x_wconf 83' lang='lat' dir='ltr'><strong>luxatis,</strong></span> <span class='ocrx_word' id='word_1_21' title='bbox 1347 370 1779 436; x_wconf 79' lang='lat' dir='ltr'><strong>tumoribusque.</strong></span> 
     </span>
     <span class='ocr_line' id='line_1_5' title="bbox 185 435 1777 501; baseline 0 -14"><span class='ocrx_word' id='word_1_22' title='bbox 185 435 475 501; x_wconf 82' lang='lat' dir='ltr'><strong>Aquifolia</strong></span> <span class='ocrx_word' id='word_1_23' title='bbox 488 435 723 486; x_wconf 87' lang='lat' dir='ltr'><strong>arborin</strong></span> <span class='ocrx_word' id='word_1_24' title='bbox 739 435 900 486; x_wconf 88' lang='lat' dir='ltr'><strong>domo</strong></span> <span class='ocrx_word' id='word_1_25' title='bbox 914 442 1013 486; x_wconf 88' lang='lat' dir='ltr'><strong>aut</strong></span> <span class='ocrx_word' id='word_1_26' title='bbox 1025 436 1160 486; x_wconf 87' lang='lat' dir='ltr'><strong>villa</strong></span> <span class='ocrx_word' id='word_1_27' title='bbox 1172 443 1314 498; x_wconf 88' lang='lat' dir='ltr'><strong>sata,</strong></span> <span class='ocrx_word' id='word_1_28' title='bbox 1327 437 1594 487; x_wconf 85' lang='lat' dir='ltr'><strong>veneficia</strong></span> <span class='ocrx_word' id='word_1_29' title='bbox 1606 445 1777 489; x_wconf 88' lang='lat' dir='ltr'><strong>arcet.</strong></span> 
     </span>
     <span class='ocr_line' id='line_1_6' title="bbox 188 503 1778 571; baseline 0.001 -17"><span class='ocrx_word' id='word_1_30' title='bbox 188 503 357 555; x_wconf 82' lang='lat' dir='ltr'><strong>Flore</strong></span> <span class='ocrx_word' id='word_1_31' title='bbox 394 503 513 554; x_wconf 87' lang='lat' dir='ltr'><strong>eius</strong></span> <span class='ocrx_word' id='word_1_32' title='bbox 544 518 739 569; x_wconf 82' lang='lat' dir='ltr'><strong>aquam</strong></span> <span class='ocrx_word' id='word_1_33' title='bbox 774 505 1004 570; x_wconf 85' lang='lat' dir='ltr'><strong>glaciari</strong></span> <span class='ocrx_word' id='word_1_34' title='bbox 1031 503 1380 571; x_wconf 82' lang='lat' dir='ltr'><strong>Pythagoras</strong></span> <span class='ocrx_word' id='word_1_35' title='bbox 1411 505 1606 555; x_wconf 83' lang='lat' dir='ltr'><strong>tradit:</strong></span> <span class='ocrx_word' id='word_1_36' title='bbox 1645 507 1778 556; x_wconf 84' lang='lat' dir='ltr'><strong>item</strong></span> 
     </span>
     <span class='ocr_line' id='line_1_7' title="bbox 188 572 1782 640; baseline 0.001 -17"><span class='ocrx_word' id='word_1_37' title='bbox 188 572 447 624; x_wconf 87' lang='lat' dir='ltr'><strong>baculum</strong></span> <span class='ocrx_word' id='word_1_38' title='bbox 474 587 540 622; x_wconf 87' lang='lat' dir='ltr'><strong>cx</strong></span> <span class='ocrx_word' id='word_1_39' title='bbox 567 587 635 622; x_wconf 89' lang='lat' dir='ltr'><strong>ea</strong></span> <span class='ocrx_word' id='word_1_40' title='bbox 656 573 881 634; x_wconf 84' lang='lat' dir='ltr'><strong>factum,</strong></span> <span class='ocrx_word' id='word_1_41' title='bbox 920 574 977 622; x_wconf 91' lang='lat' dir='ltr'><strong>in</strong></span> <span class='ocrx_word' id='word_1_42' title='bbox 1021 574 1252 640; x_wconf 76' lang='lat' dir='ltr'>quodvis</span> <span class='ocrx_word' id='word_1_43' title='bbox 1275 573 1481 625; x_wconf 85' lang='lat' dir='ltr'><strong>animal</strong></span> <span class='ocrx_word' id='word_1_44' title='bbox 1503 575 1782 636; x_wconf 87' lang='lat' dir='ltr'><strong>emissum,</strong></span> 
     </span>
     <span class='ocr_line' id='line_1_8' title="bbox 190 640 1810 708; baseline 0.001 -14"><span class='ocrx_word' id='word_1_45' title='bbox 190 641 419 694; x_wconf 86' lang='lat' dir='ltr'><strong>etiamsi</strong></span> <span class='ocrx_word' id='word_1_46' title='bbox 455 641 603 691; x_wconf 85' lang='lat' dir='ltr'><strong>citra</strong></span> <span class='ocrx_word' id='word_1_47' title='bbox 622 640 882 692; x_wconf 82' lang='lat' dir='ltr'><strong>ceciderit</strong></span> <span class='ocrx_word' id='word_1_48' title='bbox 906 641 1122 692; x_wconf 85' lang='lat' dir='ltr'><strong>defectu</strong></span> <span class='ocrx_word' id='word_1_49' title='bbox 1147 642 1439 705; x_wconf 75' lang='lat' dir='ltr'><strong>mittentis,</strong></span> <span class='ocrx_word' id='word_1_50' title='bbox 1480 642 1660 708; x_wconf 88' lang='lat' dir='ltr'><strong>ipsum</strong></span> <span class='ocrx_word' id='word_1_51' title='bbox 1685 657 1783 708; x_wconf 88' lang='lat' dir='ltr'><strong>per</strong></span> <span class='ocrx_word' id='word_1_52' title='bbox 1804 691 1810 696; x_wconf 88' lang='lat'><strong>.</strong></span> 
     </span>
     <span class='ocr_line' id='line_1_9' title="bbox 188 708 1778 777; baseline -0.001 -15"><span class='ocrx_word' id='word_1_53' title='bbox 188 725 313 762; x_wconf 76' lang='lat' dir='ltr'><strong>sese</strong></span> <span class='ocrx_word' id='word_1_54' title='bbox 334 710 589 760; x_wconf 83' lang='lat' dir='ltr'><strong>recubitu</strong></span> <span class='ocrx_word' id='word_1_55' title='bbox 614 709 841 776; x_wconf 83' lang='lat' dir='ltr'><strong>propius</strong></span> <span class='ocrx_word' id='word_1_56' title='bbox 858 708 1078 761; x_wconf 85' lang='lat' dir='ltr'><strong>adlabi:</strong></span> <span class='ocrx_word' id='word_1_57' title='bbox 1097 718 1212 762; x_wconf 84' lang='lat' dir='ltr'><strong>tam</strong></span> <span class='ocrx_word' id='word_1_58' title='bbox 1237 710 1592 777; x_wconf 79' lang='lat' dir='ltr'><strong>praecipuam</strong></span> <span class='ocrx_word' id='word_1_59' title='bbox 1619 720 1778 761; x_wconf 86' lang='lat' dir='ltr'><strong>natu-</strong></span> 
     </span>
     <span class='ocr_line' id='line_1_10' title="bbox 189 779 1781 832; baseline 0 -2"><span class='ocrx_word' id='word_1_60' title='bbox 189 793 309 830; x_wconf 84' lang='lat' dir='ltr'><strong>ram</strong></span> <span class='ocrx_word' id='word_1_61' title='bbox 332 781 511 829; x_wconf 87' lang='lat' dir='ltr'><strong>inesse</strong></span> <span class='ocrx_word' id='word_1_62' title='bbox 533 779 739 830; x_wconf 83' lang='lat' dir='ltr'><strong>arbori.</strong></span> <span class='ocrx_word' id='word_1_63' title='bbox 794 779 934 829; x_wconf 81' lang='lat' dir='ltr'><strong>Taxi</strong></span> <span class='ocrx_word' id='word_1_64' title='bbox 958 781 1172 830; x_wconf 89' lang='lat' dir='ltr'><strong>arboris</strong></span> <span class='ocrx_word' id='word_1_65' title='bbox 1193 780 1378 832; x_wconf 81' lang='lat' dir='ltr'><strong>fumus</strong></span> <span class='ocrx_word' id='word_1_66' title='bbox 1401 793 1585 832; x_wconf 87' lang='lat' dir='ltr'><strong>mures</strong></span> <span class='ocrx_word' id='word_1_67' title='bbox 1605 788 1781 832; x_wconf 85' lang='lat' dir='ltr'><strong>necat.</strong></span> 
     </span>
     <span class='ocr_line' id='line_1_11' title="bbox 260 846 1784 916; baseline 0.001 -18"><span class='ocrx_word' id='word_1_68' title='bbox 260 847 516 898; x_wconf 82' lang='lat' dir='ltr'><strong>LXXlll.</strong></span> <span class='ocrx_word' id='word_1_69' title='bbox 553 846 668 898; x_wconf 87' lang='lat' dir='ltr'><strong>Nec</strong></span> <span class='ocrx_word' id='word_1_70' title='bbox 705 847 875 898; x_wconf 89' lang='lat' dir='ltr'><strong>rubos</strong></span> <span class='ocrx_word' id='word_1_71' title='bbox 917 847 987 898; x_wconf 90' lang='lat' dir='ltr'><strong>ad</strong></span> <span class='ocrx_word' id='word_1_72' title='bbox 1029 848 1306 900; x_wconf 84' lang='lat' dir='ltr'><strong>maleficia</strong></span> <span class='ocrx_word' id='word_1_73' title='bbox 1345 859 1560 900; x_wconf 86' lang='lat' dir='ltr'><strong>tantum</strong></span> <span class='ocrx_word' id='word_1_74' title='bbox 1589 849 1784 916; x_wconf 82' lang='lat' dir='ltr'><strong>genuit</strong></span> 
     </span>
     <span class='ocr_line' id='line_1_12' title="bbox 190 914 1785 982; baseline 0 -15"><span class='ocrx_word' id='word_1_75' title='bbox 190 924 413 976; x_wconf 80' lang='lat' dir='ltr'><strong>natura,</strong></span> <span class='ocrx_word' id='word_1_76' title='bbox 422 915 661 982; x_wconf 83' lang='lat' dir='ltr'><strong>ideoque</strong></span> <span class='ocrx_word' id='word_1_77' title='bbox 678 921 735 966; x_wconf 87' lang='lat' dir='ltr'><strong>et</strong></span> <span class='ocrx_word' id='word_1_78' title='bbox 752 931 907 967; x_wconf 88' lang='lat' dir='ltr'><strong>mora</strong></span> <span class='ocrx_word' id='word_1_79' title='bbox 920 914 1026 979; x_wconf 89' lang='lat' dir='ltr'><strong>his,</strong></span> <span class='ocrx_word' id='word_1_80' title='bbox 1040 915 1143 968; x_wconf 87' lang='lat' dir='ltr'><strong>hoc</strong></span> <span class='ocrx_word' id='word_1_81' title='bbox 1157 924 1256 980; x_wconf 89' lang='lat' dir='ltr'><strong>est,</strong></span> <span class='ocrx_word' id='word_1_82' title='bbox 1271 918 1358 968; x_wconf 79' lang='lat' dir='ltr'><strong>vel</strong></span> <span class='ocrx_word' id='word_1_83' title='bbox 1377 917 1689 969; x_wconf 87' lang='lat' dir='ltr'><strong>hominibus</strong></span> <span class='ocrx_word' id='word_1_84' title='bbox 1709 917 1785 968; x_wconf 88' lang='lat' dir='ltr'><strong>ci·</strong></span> 
     </span>
     <span class='ocr_line' id='line_1_13' title="bbox 190 983 1780 1053; baseline 0 -17"><span class='ocrx_word' id='word_1_85' title='bbox 190 986 293 1036; x_wconf 86' lang='lat' dir='ltr'><strong>bos</strong></span> <span class='ocrx_word' id='word_1_86' title='bbox 314 983 487 1036; x_wconf 84' lang='lat' dir='ltr'><strong>dedit.</strong></span> <span class='ocrx_word' id='word_1_87' title='bbox 564 985 685 1036; x_wconf 87' lang='lat' dir='ltr'><strong>Vim</strong></span> <span class='ocrx_word' id='word_1_88' title='bbox 712 984 919 1036; x_wconf 87' lang='lat' dir='ltr'><strong>habent</strong></span> <span class='ocrx_word' id='word_1_89' title='bbox 949 985 1216 1048; x_wconf 77' lang='lat' dir='ltr'><strong>siccandi,</strong></span> <span class='ocrx_word' id='word_1_90' title='bbox 1257 985 1780 1053; x_wconf 82' lang='lat' dir='ltr'><strong>adstringendique:</strong></span> 
     </span>
     <span class='ocr_line' id='line_1_14' title="bbox 188 1053 1787 1122; baseline 0 -18"><span class='ocrx_word' id='word_1_91' title='bbox 188 1054 471 1122; x_wconf 78' lang='lat' dir='ltr'><strong>gingivis,</strong></span> <span class='ocrx_word' id='word_1_92' title='bbox 510 1053 753 1104; x_wconf 77' lang='lat' dir='ltr'><strong>tonsillis</strong></span> <span class='ocrx_word' id='word_1_93' title='bbox 774 1089 789 1116; x_wconf 90' lang='lat'><strong>,</strong></span> <span class='ocrx_word' id='word_1_94' title='bbox 832 1054 1173 1120; x_wconf 79' lang='lat' dir='ltr'><strong>genitalibus</strong></span> <span class='ocrx_word' id='word_1_95' title='bbox 1205 1053 1787 1106; x_wconf 86' lang='lat' dir='ltr'><strong>accommodatissimi.</strong></span> 
     </span>
     <span class='ocr_line' id='line_1_15' title="bbox 187 1121 1788 1188; baseline -0.002 -12"><span class='ocrx_word' id='word_1_96' title='bbox 187 1123 570 1176; x_wconf 64' lang='grc' dir='ltr'><strong>Δάνα-83111111·</strong></span> <span class='ocrx_word' id='word_1_97' title='bbox 593 1123 927 1188; x_wconf 84' lang='lat' dir='ltr'><strong>serpentium</strong></span> <span class='ocrx_word' id='word_1_98' title='bbox 939 1121 1788 1187; x_wconf 83' lang='lat' dir='ltr'><strong>sceleratissimis,haemorrhoi·</strong></span> 
     </span>
     <span class='ocr_line' id='line_1_16' title="bbox 191 1191 1788 1260; baseline 0 -16"><span class='ocrx_word' id='word_1_99' title='bbox 191 1191 249 1244; x_wconf 83' lang='lat' dir='ltr'><strong>di</strong></span> <span class='ocrx_word' id='word_1_100' title='bbox 272 1197 332 1244; x_wconf 82' lang='lat' dir='ltr'><strong>et</strong></span> <span class='ocrx_word' id='word_1_101' title='bbox 352 1191 615 1257; x_wconf 75' lang='lat' dir='ltr'><strong>prestari,</strong></span> <span class='ocrx_word' id='word_1_102' title='bbox 646 1191 769 1247; x_wconf 69' lang='lat' dir='ltr'><strong>flos„</strong></span> <span class='ocrx_word' id='word_1_103' title='bbox 808 1197 906 1242; x_wconf 85' lang='lat' dir='ltr'><strong>aut</strong></span> <span class='ocrx_word' id='word_1_104' title='bbox 924 1207 1102 1244; x_wconf 86' lang='lat' dir='ltr'><strong>mora.</strong></span> <span class='ocrx_word' id='word_1_105' title='bbox 1173 1191 1535 1260; x_wconf 88' lang='lat' dir='ltr'><strong>Scorpionum</strong></span> <span class='ocrx_word' id='word_1_106' title='bbox 1559 1193 1788 1244; x_wconf 81' lang='lat' dir='ltr'><strong>vulnera</strong></span> 
     </span>
     <span class='ocr_line' id='line_1_17' title="bbox 188 1260 1787 1329; baseline -0.001 -17"><span class='ocrx_word' id='word_1_107' title='bbox 188 1261 313 1312; x_wconf 84' lang='lat' dir='ltr'><strong>sine</strong></span> <span class='ocrx_word' id='word_1_108' title='bbox 336 1260 731 1312; x_wconf 86' lang='lat' dir='ltr'><strong>collectionum</strong></span> <span class='ocrx_word' id='word_1_109' title='bbox 779 1261 1030 1326; x_wconf 84' lang='lat' dir='ltr'><strong>periculo</strong></span> <span class='ocrx_word' id='word_1_110' title='bbox 1053 1261 1344 1329; x_wconf 87' lang='lat' dir='ltr'><strong>inungunt,</strong></span> <span class='ocrx_word' id='word_1_111' title='bbox 1383 1265 1598 1314; x_wconf 87' lang='lat' dir='ltr'><strong>urinam</strong></span> <span class='ocrx_word' id='word_1_112' title='bbox 1623 1263 1787 1314; x_wconf 83' lang='lat' dir='ltr'><strong>cient.</strong></span> 
     </span>
     <span class='ocr_line' id='line_1_18' title="bbox 190 1329 1788 1396; baseline -0.001 -15"><span class='ocrx_word' id='word_1_113' title='bbox 190 1329 399 1381; x_wconf 78' lang='lat' dir='ltr'><strong>Gaulos</strong></span> <span class='ocrx_word' id='word_1_114' title='bbox 440 1343 631 1380; x_wconf 87' lang='lat' dir='ltr'><strong>eorum</strong></span> <span class='ocrx_word' id='word_1_115' title='bbox 655 1329 957 1381; x_wconf 87' lang='lat' dir='ltr'><strong>tunduntur</strong></span> <span class='ocrx_word' id='word_1_116' title='bbox 978 1333 1174 1394; x_wconf 87' lang='lat' dir='ltr'><strong>teneri,</strong></span> <span class='ocrx_word' id='word_1_117' title='bbox 1211 1330 1542 1396; x_wconf 81' lang='lat' dir='ltr'><strong>exprimitur</strong></span> <span class='ocrx_word' id='word_1_118' title='bbox 1571 1345 1788 1390; x_wconf 88' lang='lat' dir='ltr'><strong>succus,</strong></span> 
     </span>
     <span class='ocr_line' id='line_1_19' title="bbox 190 1396 1787 1468; baseline -0.001 -18"><span class='ocrx_word' id='word_1_119' title='bbox 190 1411 324 1450; x_wconf 69' lang='lat' dir='ltr'><strong>nox</strong></span> <span class='ocrx_word' id='word_1_120' title='bbox 342 1396 478 1450; x_wconf 88' lang='lat' dir='ltr'><strong>Sole</strong></span> <span class='ocrx_word' id='word_1_121' title='bbox 502 1399 717 1464; x_wconf 88' lang='lat' dir='ltr'><strong>cogitur</strong></span> <span class='ocrx_word' id='word_1_122' title='bbox 738 1399 794 1447; x_wconf 89' lang='lat' dir='ltr'><strong>in</strong></span> <span class='ocrx_word' id='word_1_123' title='bbox 827 1401 1246 1452; x_wconf 79' lang='lat' dir='ltr'><strong>crassitudinem</strong></span> <span class='ocrx_word' id='word_1_124' title='bbox 1271 1401 1474 1463; x_wconf 87' lang='lat' dir='ltr'><strong>mellis,</strong></span> <span class='ocrx_word' id='word_1_125' title='bbox 1517 1399 1787 1468; x_wconf 81' lang='lat' dir='ltr'><strong>singulari</strong></span> 
     </span>
     <span class='ocr_line' id='line_1_20' title="bbox 190 1466 1786 1536; baseline -0.001 -18"><span class='ocrx_word' id='word_1_126' title='bbox 190 1466 448 1520; x_wconf 85' lang='lat' dir='ltr'><strong>remedio</strong></span> <span class='ocrx_word' id='word_1_127' title='bbox 473 1473 669 1519; x_wconf 84' lang='lat' dir='ltr'><strong>contra</strong></span> <span class='ocrx_word' id='word_1_128' title='bbox 688 1467 837 1518; x_wconf 87' lang='lat' dir='ltr'><strong>mala</strong></span> <span class='ocrx_word' id='word_1_129' title='bbox 858 1468 994 1531; x_wconf 90' lang='lat' dir='ltr'><strong>oris,</strong></span> <span class='ocrx_word' id='word_1_130' title='bbox 1019 1469 1431 1536; x_wconf 89' lang='lat' dir='ltr'><strong>oculorumque,</strong></span> <span class='ocrx_word' id='word_1_131' title='bbox 1467 1471 1786 1536; x_wconf 82' lang='lat' dir='ltr'><strong>sanguinem</strong></span> 
     </span>
     <span class='ocr_line' id='line_1_21' title="bbox 194 1537 1790 1605; baseline -0.002 -16"><span class='ocrx_word' id='word_1_132' title='bbox 194 1543 581 1600; x_wconf 73' lang='lat' dir='ltr'><strong>enci-cantes,</strong></span> <span class='ocrx_word' id='word_1_133' title='bbox 601 1537 851 1604; x_wconf 79' lang='lat' dir='ltr'><strong>anginas,</strong></span> <span class='ocrx_word' id='word_1_134' title='bbox 871 1538 1086 1599; x_wconf 74' lang='lat' dir='ltr'><strong>vulvas,</strong></span> <span class='ocrx_word' id='word_1_135' title='bbox 1109 1540 1286 1599; x_wconf 84' lang='lat' dir='ltr'><strong>sedes,</strong></span> <span class='ocrx_word' id='word_1_136' title='bbox 1310 1538 1604 1601; x_wconf 80' lang='lat' dir='ltr'><strong>coeliacos,</strong></span> <span class='ocrx_word' id='word_1_137' title='bbox 1629 1543 1790 1605; x_wconf 87' lang='lat' dir='ltr'><strong>potus</strong></span> 
     </span>
     <span class='ocr_line' id='line_1_22' title="bbox 192 1606 1792 1673; baseline -0.001 -15"><span class='ocrx_word' id='word_1_138' title='bbox 192 1611 295 1658; x_wconf 85' lang='lat' dir='ltr'><strong>aut</strong></span> <span class='ocrx_word' id='word_1_139' title='bbox 314 1606 521 1656; x_wconf 85' lang='lat' dir='ltr'><strong>illitus.</strong></span> <span class='ocrx_word' id='word_1_140' title='bbox 595 1606 721 1657; x_wconf 87' lang='lat' dir='ltr'><strong>Oris</strong></span> <span class='ocrx_word' id='word_1_141' title='bbox 744 1606 964 1673; x_wconf 89' lang='lat' dir='ltr'><strong>quidem</strong></span> <span class='ocrx_word' id='word_1_142' title='bbox 991 1607 1141 1658; x_wconf 85' lang='lat' dir='ltr'><strong>vitiis</strong></span> <span class='ocrx_word' id='word_1_143' title='bbox 1164 1608 1329 1659; x_wconf 85' lang='lat' dir='ltr'><strong>etiam</strong></span> <span class='ocrx_word' id='word_1_144' title='bbox 1355 1608 1494 1661; x_wconf 81' lang='lat' dir='ltr'><strong>iolia</strong></span> <span class='ocrx_word' id='word_1_145' title='bbox 1516 1615 1792 1659; x_wconf 80' lang='lat' dir='ltr'><strong>comman-</strong></span> 
     </span>
     <span class='ocr_line' id='line_1_23' title="bbox 194 1673 1790 1743; baseline -0.002 -17"><span class='ocrx_word' id='word_1_146' title='bbox 194 1673 405 1726; x_wconf 83' lang='lat' dir='ltr'><strong>ducata</strong></span> <span class='ocrx_word' id='word_1_147' title='bbox 422 1683 673 1741; x_wconf 84' lang='lat' dir='ltr'><strong>prosunt,</strong></span> <span class='ocrx_word' id='word_1_148' title='bbox 713 1680 769 1725; x_wconf 88' lang='lat' dir='ltr'><strong>et</strong></span> <span class='ocrx_word' id='word_1_149' title='bbox 799 1674 1120 1727; x_wconf 85' lang='lat' dir='ltr'><strong>hulceribus</strong></span> <span class='ocrx_word' id='word_1_150' title='bbox 1141 1677 1508 1739; x_wconf 78' lang='lat' dir='ltr'><strong>manantibus,</strong></span> <span class='ocrx_word' id='word_1_151' title='bbox 1550 1682 1647 1728; x_wconf 91' lang='lat' dir='ltr'><strong>aut</strong></span> <span class='ocrx_word' id='word_1_152' title='bbox 1669 1675 1790 1743; x_wconf 82' lang='lat' dir='ltr'><strong>qui-</strong></span> 
     </span>
     <span class='ocr_line' id='line_1_24' title="bbox 192 1742 1794 1809; baseline -0.001 -14"><span class='ocrx_word' id='word_1_153' title='bbox 192 1745 517 1809; x_wconf 85' lang='lat' dir='ltr'><strong>buscunque</strong></span> <span class='ocrx_word' id='word_1_154' title='bbox 535 1742 593 1792; x_wconf 88' lang='lat' dir='ltr'><strong>in</strong></span> <span class='ocrx_word' id='word_1_155' title='bbox 616 1742 795 1809; x_wconf 86' lang='lat' dir='ltr'><strong>capite</strong></span> <span class='ocrx_word' id='word_1_156' title='bbox 817 1744 1130 1794; x_wconf 88' lang='lat' dir='ltr'><strong>illinuntur.</strong></span> <span class='ocrx_word' id='word_1_157' title='bbox 1181 1745 1460 1796; x_wconf 80' lang='lat' dir='ltr'><strong>cardiacis</strong></span> <span class='ocrx_word' id='word_1_158' title='bbox 1479 1746 1566 1796; x_wconf 84' lang='lat' dir='ltr'><strong>vel</strong></span> <span class='ocrx_word' id='word_1_159' title='bbox 1591 1746 1670 1795; x_wconf 88' lang='lat' dir='ltr'><strong>sic</strong></span> <span class='ocrx_word' id='word_1_160' title='bbox 1691 1758 1794 1809; x_wconf 87' lang='lat' dir='ltr'><strong>per</strong></span> 
     </span>
     <span class='ocr_line' id='line_1_25' title="bbox 192 1810 1794 1879; baseline -0.002 -14"><span class='ocrx_word' id='word_1_161' title='bbox 192 1826 255 1865; x_wconf 80' lang='lat' dir='ltr'><strong>se</strong></span> <span class='ocrx_word' id='word_1_162' title='bbox 272 1814 639 1879; x_wconf 85' lang='lat' dir='ltr'><strong>imponuntur</strong></span> <span class='ocrx_word' id='word_1_163' title='bbox 661 1828 695 1863; x_wconf 88' lang='lat' dir='ltr'><strong>a</strong></span> <span class='ocrx_word' id='word_1_164' title='bbox 714 1827 951 1864; x_wconf 89' lang='lat' dir='ltr'><strong>mamma</strong></span> <span class='ocrx_word' id='word_1_165' title='bbox 974 1814 1229 1864; x_wconf 84' lang='lat' dir='ltr'><strong>sinistra:</strong></span> <span class='ocrx_word' id='word_1_166' title='bbox 1251 1814 1384 1863; x_wconf 88' lang='lat' dir='ltr'><strong>item</strong></span> <span class='ocrx_word' id='word_1_167' title='bbox 1409 1810 1685 1863; x_wconf 84' lang='lat' dir='ltr'><strong>stomachi</strong></span> <span class='ocrx_word' id='word_1_168' title='bbox 1698 1811 1794 1862; x_wconf 88' lang='lat' dir='ltr'><strong>do-</strong></span> 
     </span>
     <span class='ocr_line' id='line_1_26' title="bbox 190 1881 1794 1947; baseline -0.002 -13"><span class='ocrx_word' id='word_1_169' title='bbox 190 1882 431 1943; x_wconf 85' lang='lat' dir='ltr'><strong>loribus,</strong></span> <span class='ocrx_word' id='word_1_170' title='bbox 453 1881 743 1947; x_wconf 82' lang='lat' dir='ltr'><strong>oculisque</strong></span> <span class='ocrx_word' id='word_1_171' title='bbox 767 1881 1208 1947; x_wconf 84' lang='lat' dir='ltr'><strong>procidentibus.</strong></span> <span class='ocrx_word' id='word_1_172' title='bbox 1267 1882 1580 1932; x_wconf 84' lang='lat' dir='ltr'><strong>instillatur</strong></span> <span class='ocrx_word' id='word_1_173' title='bbox 1600 1894 1794 1931; x_wconf 86' lang='lat' dir='ltr'><strong>succus</strong></span> 
     </span>
     <span class='ocr_line' id='line_1_27' title="bbox 194 1949 1794 2017; baseline -0.003 -14"><span class='ocrx_word' id='word_1_174' title='bbox 194 1966 392 2003; x_wconf 85' lang='lat' dir='ltr'><strong>eorum</strong></span> <span class='ocrx_word' id='word_1_175' title='bbox 419 1956 476 2001; x_wconf 91' lang='lat' dir='ltr'><strong>et</strong></span> <span class='ocrx_word' id='word_1_176' title='bbox 500 1949 742 2001; x_wconf 86' lang='lat' dir='ltr'><strong>auribus.</strong></span> <span class='ocrx_word' id='word_1_177' title='bbox 800 1950 970 2001; x_wconf 90' lang='lat' dir='ltr'><strong>Sanat</strong></span> <span class='ocrx_word' id='word_1_178' title='bbox 1002 1949 1397 2016; x_wconf 83' lang='lat' dir='ltr'><strong>condylomata</strong></span> <span class='ocrx_word' id='word_1_179' title='bbox 1417 1954 1540 2002; x_wconf 86' lang='lat' dir='ltr'><strong>cum</strong></span> <span class='ocrx_word' id='word_1_180' title='bbox 1562 1962 1794 2017; x_wconf 83' lang='lat' dir='ltr'><strong>rosaceo</strong></span> 
     </span>
     <span class='ocr_line' id='line_1_28' title="bbox 198 2017 1798 2085; baseline -0.001 -14"><span class='ocrx_word' id='word_1_181' title='bbox 198 2026 415 2072; x_wconf 88' lang='lat' dir='ltr'><strong>cerato.</strong></span> <span class='ocrx_word' id='word_1_182' title='bbox 492 2017 899 2070; x_wconf 82' lang='lat' dir='ltr'><strong>cauliculorum</strong></span> <span class='ocrx_word' id='word_1_183' title='bbox 925 2034 993 2071; x_wconf 85' lang='lat' dir='ltr'><strong>ex</strong></span> <span class='ocrx_word' id='word_1_184' title='bbox 1015 2019 1148 2071; x_wconf 79' lang='lat' dir='ltr'><strong>vino</strong></span> <span class='ocrx_word' id='word_1_185' title='bbox 1173 2019 1622 2072; x_wconf 79' lang='lat' dir='ltr'><strong>decoctum-uvae</strong></span> <span class='ocrx_word' id='word_1_186' title='bbox 1643 2032 1798 2085; x_wconf 84' lang='lat' dir='ltr'><strong>prae·</strong></span> 
     </span>
     <span class='ocr_line' id='line_1_29' title="bbox 196 2087 1794 2155; baseline -0.003 -15"><span class='ocrx_word' id='word_1_187' title='bbox 196 2096 525 2141; x_wconf 85' lang='lat' dir='ltr'><strong>sentaneum</strong></span> <span class='ocrx_word' id='word_1_188' title='bbox 549 2087 854 2141; x_wconf 88' lang='lat' dir='ltr'><strong>remedium</strong></span> <span class='ocrx_word' id='word_1_189' title='bbox 876 2095 979 2139; x_wconf 88' lang='lat' dir='ltr'><strong>est.</strong></span> <span class='ocrx_word' id='word_1_190' title='bbox 1024 2088 1197 2141; x_wconf 82' lang='lat' dir='ltr'><strong>iidem</strong></span> <span class='ocrx_word' id='word_1_191' title='bbox 1224 2104 1322 2155; x_wconf 89' lang='lat' dir='ltr'><strong>per</strong></span> <span class='ocrx_word' id='word_1_192' title='bbox 1343 2091 1480 2140; x_wconf 87' lang='lat' dir='ltr'><strong>sein</strong></span> <span class='ocrx_word' id='word_1_193' title='bbox 1504 2087 1626 2138; x_wconf 89' lang='lat' dir='ltr'><strong>cibo</strong></span> <span class='ocrx_word' id='word_1_194' title='bbox 1647 2101 1794 2137; x_wconf 88' lang='lat' dir='ltr'><strong>sum·</strong></span> 
     </span>
     <span class='ocr_line' id='line_1_30' title="bbox 196 2155 1796 2225; baseline -0.003 -16"><span class='ocrx_word' id='word_1_195' title='bbox 196 2158 247 2209; x_wconf 82' lang='lat' dir='ltr'><strong>ti</strong></span> <span class='ocrx_word' id='word_1_196' title='bbox 267 2172 469 2225; x_wconf 86' lang='lat' dir='ltr'><strong>cymae</strong></span> <span class='ocrx_word' id='word_1_197' title='bbox 492 2155 787 2219; x_wconf 89' lang='lat' dir='ltr'><strong>modo,aut</strong></span> <span class='ocrx_word' id='word_1_198' title='bbox 808 2158 1026 2209; x_wconf 87' lang='lat' dir='ltr'><strong>decocti</strong></span> <span class='ocrx_word' id='word_1_199' title='bbox 1047 2158 1102 2207; x_wconf 84' lang='lat' dir='ltr'><strong>in</strong></span> <span class='ocrx_word' id='word_1_200' title='bbox 1121 2159 1250 2209; x_wconf 76' lang='lat' dir='ltr'><strong>vino</strong></span> <span class='ocrx_word' id='word_1_201' title='bbox 1277 2164 1520 2219; x_wconf 83' lang='lat' dir='ltr'><strong>austero,</strong></span> <span class='ocrx_word' id='word_1_202' title='bbox 1543 2157 1796 2207; x_wconf 85' lang='lat' dir='ltr'><strong>labantes</strong></span> 
     </span>
     <span class='ocr_line' id='line_1_31' title="bbox 196 2222 1796 2293; baseline -0.004 -14"><span class='ocrx_word' id='word_1_203' title='bbox 196 2226 403 2279; x_wconf 84' lang='lat' dir='ltr'><strong>dentes</strong></span> <span class='ocrx_word' id='word_1_204' title='bbox 424 2226 669 2277; x_wconf 78' lang='lat' dir='ltr'><strong>firmant.</strong></span> <span class='ocrx_word' id='word_1_205' title='bbox 741 2226 935 2277; x_wconf 80' lang='lat' dir='ltr'><strong>Alvum</strong></span> <span class='ocrx_word' id='word_1_206' title='bbox 958 2226 1179 2289; x_wconf 87' lang='lat' dir='ltr'><strong>sistunt,</strong></span> <span class='ocrx_word' id='word_1_207' title='bbox 1203 2234 1259 2279; x_wconf 89' lang='lat' dir='ltr'><strong>et</strong></span> <span class='ocrx_word' id='word_1_208' title='bbox 1283 2226 1554 2293; x_wconf 83' lang='lat' dir='ltr'><strong>profluvia</strong></span> <span class='ocrx_word' id='word_1_209' title='bbox 1573 2222 1796 2291; x_wconf 85' lang='lat' dir='ltr'><strong>sangui-</strong></span> 
     </span>
     <span class='ocr_line' id='line_1_32' title="bbox 194 2294 1800 2362; baseline -0.002 -15"><span class='ocrx_word' id='word_1_210' title='bbox 194 2296 316 2347; x_wconf 85' lang='lat' dir='ltr'><strong>nis:</strong></span> <span class='ocrx_word' id='word_1_211' title='bbox 360 2295 737 2362; x_wconf 88' lang='lat' dir='ltr'><strong>dysentericis</strong></span> <span class='ocrx_word' id='word_1_212' title='bbox 769 2300 1018 2361; x_wconf 86' lang='lat' dir='ltr'><strong>prosunt.</strong></span> <span class='ocrx_word' id='word_1_213' title='bbox 1091 2296 1380 2348; x_wconf 88' lang='lat' dir='ltr'><strong>Siccantur</strong></span> <span class='ocrx_word' id='word_1_214' title='bbox 1400 2300 1458 2347; x_wconf 87' lang='lat' dir='ltr'><strong>in</strong></span> <span class='ocrx_word' id='word_1_215' title='bbox 1481 2294 1692 2353; x_wconf 90' lang='lat' dir='ltr'><strong>umbra,</strong></span> <span class='ocrx_word' id='word_1_216' title='bbox 1736 2298 1800 2344; x_wconf 80' lang='lat' dir='ltr'><strong>ut</strong></span> 
     </span>
     <span class='ocr_line' id='line_1_33' title="bbox 196 2365 1801 2431; baseline -0.001 -14"><span class='ocrx_word' id='word_1_217' title='bbox 196 2365 341 2417; x_wconf 80' lang='lat' dir='ltr'><strong>cinis</strong></span> <span class='ocrx_word' id='word_1_218' title='bbox 362 2370 737 2417; x_wconf 85' lang='lat' dir='ltr'><strong>crematorum</strong></span> <span class='ocrx_word' id='word_1_219' title='bbox 760 2380 919 2415; x_wconf 81' lang='lat' dir='ltr'><strong>uvam</strong></span> <span class='ocrx_word' id='word_1_220' title='bbox 943 2366 1228 2429; x_wconf 84' lang='lat' dir='ltr'><strong>reprimat.</strong></span> <span class='ocrx_word' id='word_1_221' title='bbox 1263 2366 1423 2417; x_wconf 90' lang='lat' dir='ltr'><strong>Folia</strong></span> <span class='ocrx_word' id='word_1_222' title='bbox 1445 2379 1660 2431; x_wconf 89' lang='lat' dir='ltr'><strong>quoque</strong></span> <span class='ocrx_word' id='word_1_223' title='bbox 1683 2378 1801 2415; x_wconf 89' lang='lat' dir='ltr'><strong>are-</strong></span> 
     </span>
     <span class='ocr_line' id='line_1_34' title="bbox 194 2432 1798 2495; baseline -0.001 -10"><span class='ocrx_word' id='word_1_224' title='bbox 194 2434 352 2485; x_wconf 73' lang='lat' dir='ltr'><strong>facta</strong></span> <span class='ocrx_word' id='word_1_225' title='bbox 376 2440 436 2486; x_wconf 85' lang='lat' dir='ltr'><strong>et</strong></span> <span class='ocrx_word' id='word_1_226' title='bbox 476 2438 733 2495; x_wconf 87' lang='lat' dir='ltr'><strong>contusa,</strong></span> <span class='ocrx_word' id='word_1_227' title='bbox 770 2433 1140 2485; x_wconf 83' lang='lat' dir='ltr'><strong>iumentorum</strong></span> <span class='ocrx_word' id='word_1_228' title='bbox 1165 2434 1478 2487; x_wconf 86' lang='lat' dir='ltr'><strong>hulceribus</strong></span> <span class='ocrx_word' id='word_1_229' title='bbox 1502 2432 1666 2485; x_wconf 86' lang='lat' dir='ltr'><strong>utilia</strong></span> <span class='ocrx_word' id='word_1_230' title='bbox 1683 2438 1798 2484; x_wconf 86' lang='lat' dir='ltr'><strong>tra-</strong></span> 
     </span>
     <span class='ocr_line' id='line_1_35' title="bbox 200 2501 1801 2569; baseline -0.001 -16"><span class='ocrx_word' id='word_1_231' title='bbox 200 2502 427 2554; x_wconf 85' lang='lat' dir='ltr'><strong>duntur.</strong></span> <span class='ocrx_word' id='word_1_232' title='bbox 498 2501 683 2563; x_wconf 85' lang='lat' dir='ltr'><strong>Mora,</strong></span> <span class='ocrx_word' id='word_1_233' title='bbox 705 2518 844 2569; x_wconf 88' lang='lat' dir='ltr'><strong>quae</strong></span> <span class='ocrx_word' id='word_1_234' title='bbox 868 2502 925 2551; x_wconf 91' lang='lat' dir='ltr'><strong>in</strong></span> <span class='ocrx_word' id='word_1_235' title='bbox 950 2501 1036 2552; x_wconf 91' lang='lat' dir='ltr'><strong>his</strong></span> <span class='ocrx_word' id='word_1_236' title='bbox 1057 2510 1374 2566; x_wconf 88' lang='lat' dir='ltr'><strong>nascuntur,</strong></span> <span class='ocrx_word' id='word_1_237' title='bbox 1415 2504 1503 2553; x_wconf 81' lang='lat' dir='ltr'><strong>vel</strong></span> <span class='ocrx_word' id='word_1_238' title='bbox 1525 2502 1801 2554; x_wconf 89' lang='lat' dir='ltr'><strong>efficacio-</strong></span> 
     </span>
     <span class='ocr_line' id='line_1_36' title="bbox 196 2570 1802 2638; baseline -0.002 -14"><span class='ocrx_word' id='word_1_239' title='bbox 196 2586 317 2624; x_wconf 86' lang='lat' dir='ltr'><strong>rem</strong></span> <span class='ocrx_word' id='word_1_240' title='bbox 358 2570 698 2623; x_wconf 86' lang='lat' dir='ltr'><strong>stomaticen</strong></span> <span class='ocrx_word' id='word_1_241' title='bbox 743 2571 1129 2637; x_wconf 86' lang='lat' dir='ltr'><strong>praebuerint,</strong></span> <span class='ocrx_word' id='word_1_242' title='bbox 1169 2587 1330 2638; x_wconf 88' lang='lat' dir='ltr'><strong>quam</strong></span> <span class='ocrx_word' id='word_1_243' title='bbox 1374 2573 1554 2623; x_wconf 83' lang='lat' dir='ltr'><strong>sativa</strong></span> <span class='ocrx_word' id='word_1_244' title='bbox 1592 2584 1802 2621; x_wconf 84' lang='lat' dir='ltr'><strong>morus.</strong></span> 
     </span>
     <span class='ocr_line' id='line_1_37' title="bbox 196 2634 1803 2709; baseline -0.004 -16"><span class='ocrx_word' id='word_1_245' title='bbox 196 2640 413 2693; x_wconf 79' lang='lat' dir='ltr'><strong>Eadem</strong></span> <span class='ocrx_word' id='word_1_246' title='bbox 436 2634 868 2708; x_wconf 72' lang='lat' dir='ltr'><strong>compositione,</strong></span> <span class='ocrx_word' id='word_1_247' title='bbox 901 2639 989 2689; x_wconf 87' lang='lat' dir='ltr'><strong>vel</strong></span> <span class='ocrx_word' id='word_1_248' title='bbox 1026 2656 1148 2691; x_wconf 91' lang='lat' dir='ltr'><strong>cum</strong></span> <span class='ocrx_word' id='word_1_249' title='bbox 1178 2639 1564 2709; x_wconf 86' lang='lat' dir='ltr'><strong>hypocisthide</strong></span> <span class='ocrx_word' id='word_1_250' title='bbox 1587 2644 1803 2691; x_wconf 86' lang='lat' dir='ltr'><strong>tantum</strong></span> 
     </span>
     <span class='ocr_line' id='line_1_38' title="bbox 202 2706 1806 2776; baseline -0.004 -13"><span class='ocrx_word' id='word_1_251' title='bbox 202 2716 262 2763; x_wconf 80' lang='lat' dir='ltr'><strong>ct</strong></span> <span class='ocrx_word' id='word_1_252' title='bbox 280 2709 455 2764; x_wconf 81' lang='lat' dir='ltr'><strong>melle</strong></span> <span class='ocrx_word' id='word_1_253' title='bbox 474 2708 746 2761; x_wconf 82' lang='lat' dir='ltr'><strong>bibuntur</strong></span> <span class='ocrx_word' id='word_1_254' title='bbox 764 2710 822 2759; x_wconf 91' lang='lat' dir='ltr'><strong>in</strong></span> <span class='ocrx_word' id='word_1_255' title='bbox 848 2706 1086 2773; x_wconf 86' lang='lat' dir='ltr'><strong>cholera,</strong></span> <span class='ocrx_word' id='word_1_256' title='bbox 1107 2716 1162 2763; x_wconf 88' lang='lat' dir='ltr'><strong>et</strong></span> <span class='ocrx_word' id='word_1_257' title='bbox 1181 2726 1215 2763; x_wconf 89' lang='lat' dir='ltr'><strong>a</strong></span> <span class='ocrx_word' id='word_1_258' title='bbox 1235 2710 1523 2776; x_wconf 81' lang='lat' dir='ltr'><strong>cardiacis,</strong></span> <span class='ocrx_word' id='word_1_259' title='bbox 1534 2714 1592 2761; x_wconf 86' lang='lat' dir='ltr'><strong>et</strong></span> <span class='ocrx_word' id='word_1_260' title='bbox 1611 2712 1806 2759; x_wconf 79' lang='lat' dir='ltr'><strong>contra</strong></span> 
     </span>
    </p>
   </div>
  </div>
 </body>
</html>
