2033 3044
293 302 298 307 ι
343 228 655 283 NATUR.
683 227 1031 282 msron.
1062 230 1225 283 1213.
1247 230 1444 287 xxv.
1468 233 1703 287 60-69.·
1742 234 1813 287 69

219 348 418 387 nacam
444 334 740 385 erraticam
765 334 1067 401 appellant,
1090 334 1303 385 semine
1330 334 1591 404 oblongo,
1620 337 1813 389 radice

216 404 383 456 dulci.
455 404 660 455 Omnia
690 402 828 455 haec
853 409 910 455 et
931 402 1111 455 hieme
1137 411 1193 455 et
1216 410 1432 456 aesta-te
1454 414 1582 457 sunt
1604 407 1816 458 intacta

213 473 580 541 quadrupedi,
623 473 732 524 nisi
773 482 898 539 post
927 474 1173 525 abortus·
1246 475 1331 525 Ex
1351 473 1475 525 aliis
1499 492 1631 527 usus
1654 477 1817 527 semi-

215 546 300 595 nis
326 561 341 594 ε
383 559 453 595 ex
488 544 732 606 CreticO,
765 543 966 594 radicis
989 552 1099 596 est:
1138 544 1315 611 magis
1340 542 1407 594 ad
1432 552 1717 610 serpentes
1740 545 1819 597 bi·

217 614 372 666 bitur
397 628 428 664 e
453 613 584 695 yino
618 612 880 665 drachma
901 628 1027 665 una.
1095 612 1278 665 Datur
1298 623 1355 665 et
1378 612 1821 681 quadrupedibus

257 696 524 735 ercussis.

217 697 253 749 P
285 752 466 805 LXV.
505 748 590 802 10.
629 748 1009 803 Therionarca
1050 750 1165 803 alia
1204 767 1366 819 quam
1400 754 1645 822 Magica‚
1688 759 1744 820 et
1764 754 1823 809 in

217 826 410 874 nostro
436 822 574 872 orbe
614 820 876 883 nascitur,
915 820 1203 883 fruticosa,
1244 821 1399 873 foliis
1430 823 1824 888 subviridibus‚

217 890 360 943 flore
380 904 582 941 roseoz
627 896 916 962 serpentes
939 897 1124 943 necat:
1169 892 1470 961 cuicunque
1491 893 1717 946 admota
1738 893 1821 947 fe·

219 975 316 1013 rae
341 966 400 1012 et
422 958 567 1011 haec
585 966 866 1026 torporem
891 960 1072 1012 affert.
1268 1018 1293 1039 ,

286 1029 494 1082 val.
533 1027 620 1082 11.
656 1029 966 1093 Persolata,
989 1046 1148 1099 quam
1172 1046 1335 1082 nemo
1358 1032 1597 1099 ignorat,
1622 1030 1825 1084 Graeci

226 1114 361 1153 vero
387 1099 584 1151 arcion
605 1106 823 1161 vocant,
845 1100 988 1154 folia
1009 1100 1179 1153 habet
1201 1102 1417 1153 maiora
1442 1104 1607 1153 etiam
1634 1116 1823 1153 cucur-

216 1170 352 1223 bitis
373 1175 433 1222 et
455 1167 782 1231 hirsutiora,
804 1172 1157 1239 nigrioraque
1180 1180 1236 1222 et
1258 1172 1547 1234 crassiora,
1578 1172 1824 1227 radicem

217 1240 406 1291 albam
451 1245 510 1291 et
549 1239 838 1308 grandem.
911 1240 1069 1293 Haec
1100 1256 1168 1292 ex
1188 1241 1314 1293 vino
1334 1240 1545 1295 bibitur
1566 1242 1820 1294 denario·

207 1324 338 1361 rum
365 1310 540 1360 dussm
565 1310 827 1375 pondere.

285 1377 518 1432 van.
564 1380 644 1430 12.
682 1380 818 1430 Item
859 1380 1158 1447 cyclamini
1192 1382 1353 1433 radix
1384 1389 1577 1434 contra
1595 1396 1820 1447 serpen·

221 1456 303 1503 tes
328 1464 544 1502 omnes.
589 1447 754 1500 Folia
775 1447 942 1500 habet
966 1444 1198 1513 niinora,
1221 1467 1383 1519 quam
1410 1452 1592 1514 edera,
1614 1450 1824 1519 nigrio-

219 1536 392 1590 raque
434 1525 494 1571 et
536 1519 811 1582 tenuiora,
852 1519 968 1572 sine
992 1521 1237 1588 angulis:
1280 1524 1334 1572 in
1360 1524 1555 1590 quibus
1578 1522 1826 1574 albicant

217 1591 494 1644 maculae.
570 1589 740 1640 Caule
774 1592 990 1655 exiguo,
1031 1593 1199 1653 inani,
1240 1592 1467 1645 floribus
1512 1592 1825 1660 purpureis,

215 1661 408 1713 radice
454 1658 594 1720 lata,
635 1665 696 1708 ut
734 1673 928 1724 rapum
963 1660 1139 1711 videri
1182 1663 1379 1726 possit,
1419 1663 1621 1713 cortice
1644 1662 1822 1730 nigro.
1866 1720 1879 1727 ,

218 1731 488 1784 Nascitur
509 1730 566 1778 in
600 1729 906 1779 umbrosis:
951 1743 984 1778 a
1023 1730 1231 1779 nostris
1265 1731 1425 1781 tuber
1446 1737 1633 1782 terrae
1653 1745 1822 1781 voca-

219 1807 333 1852 tur:
379 1801 442 1850 in
470 1798 726 1850 omnibus
749 1796 986 1848 serenda
1011 1798 1284 1860 domibus,
1320 1799 1370 1846 si
1392 1813 1579 1848 verum
1605 1805 1705 1860 est,
1725 1797 1829 1848 ubi

219 1878 342 1922 sata
361 1871 462 1932 sit,
495 1867 633 1918 nihil
656 1883 855 1919 nocere
879 1866 1026 1918 mala
1048 1867 1477 1918 medicamenta:
1522 1868 1825 1918 amuletum

216 1946 440 1991 vocant.
499 1938 742 1990 Narrant
765 1945 821 1988 et
841 1936 1177 1990 ebrietatem
1200 1939 1609 2002 repraesentari
1632 1936 1829 1988 addita

217 2010 277 2060 in
295 2013 509 2060 vinum.
547 2007 728 2059 Radix
753 2008 980 2068 siccata,
999 2007 1197 2061 scillae
1217 2007 1381 2059 modo
1408 2005 1643 2068 concisa,
1665 2021 1827 2072 repo-

219 2080 399 2129 nitur:
449 2077 785 2146 decoquitur
824 2077 1014 2128 eadem
1056 2079 1125 2130 ad
1169 2077 1590 2130 crassitudinem
1622 2075 1825 2144 mellis.

221 2147 390 2200 Suum
432 2153 625 2198 tamen
662 2162 928 2198 venenum
970 2150 1020 2198 ei
1066 2155 1181 2200 est:
1226 2149 1575 2215 traduntque,
1596 2147 1647 2195 si
1668 2143 1829 2212 p'rae·

220 2231 402 2286 gnans
426 2217 674 2268 radicem
697 2217 1181 2284 transgrediatur,·
1206 2219 1460 2269 abortum
1485 2216 1624 2267 fieri.

291 2285 553 2338 valu.
598 2284 674 2338 13.
713 2285 816 2352 Est
836 2294 892 2336 ct
915 2287 1097 2338 altera
1120 2289 1463 2354 cyclaminos
1498 2284 1825 2351 cognomine

221 2357 656 2418 cissanthemos,
699 2356 1033 2424 geniculatis
1059 2358 1336 2418 caulibus,
1376 2355 1750 2420 supervacuis,
1791 2369 1827 2406 a

221 2428 420 2494 priore
441 2425 677 2485 distans,
723 2427 869 2476 circa
891 2427 1121 2477 arbores
1143 2443 1201 2478 se
1224 2426 1467 2484 volvens,
1500 2424 1670 2474 acinis
1696 2424 1823 2476 ede-

221 2513 340 2558 rae,
360 2495 464 2548 sed
485 2495 770 2557 mollibus,
793 2495 931 2548 flore
953 2495 1213 2559 candido,
1238 2495 1509 2561 specioso,
1532 2495 1721 2547 radice
1741 2511 1829 2546 su-

223 2579 526 2634 pervacua.
602 2565 753 2616 Acini
775 2570 989 2616 tantum
1010 2565 1070 2614 in
1094 2581 1215 2628 usu,
1240 2570 1403 2632 gustu
1428 2565 1560 2627 acri,
1598 2566 1695 2617 sed
1716 2566 1833 2618 len-

225 2638 290 2688 ti.
368 2635 659 2688 siccantur
699 2635 758 2684 in
797 2637 1011 2696 umbra,
1056 2635 1276 2700 tusique
1300 2631 1623 2688 dividuntur
1650 2637 1707 2686 in
1732 2647 1829 2699 pa·

227 2705 435 2758 stillos.
1806 2753 1809 2758 .

301 2773 505 2827 LXIX.
547 2773 628 2826 14.
661 2771 803 2826 Mihi
821 2779 880 2827 et
897 2777 1073 2826 tertia
1093 2771 1431 2842 cyclaminos
1454 2771 1835 2824 demonstrata
