2033 3044
295 193 399 250 166
687 193 748 244 C.
786 187 1065 242 PLINH
1118 183 1493 238 SECUNDI

289 301 399 354 tia:
442 293 778 364 perfundere
801 296 968 358 caput
992 288 1171 339 calida
1193 294 1321 338 ante
1342 285 1855 348 balinearum-vapo-

288 369 578 426 rationem,
603 370 658 415 et
679 366 882 428 postea
901 357 1129 424 frigida,
1152 356 1577 406 saluberrimum
1604 353 1861 417 intelligi-

288 445 398 490 tur.
433 437 569 486 ltem
595 444 956 499 praesumere.
971 427 1127 487 cibis,
1144 431 1201 475 et
1221 425 1580 490 interponere
1600 421 1863 490 frigidam,

293 505 648 568 eiusdemque
671 505 800 568 potu
823 510 1045 547 somnos
1066 493 1414 553 antecedere,
1438 499 1495 542 et
1516 493 1567 541 si
1590 491 1780 556 libeat,
1797 489 1868 538 in·

270 574 654 638 ’tel-rumpere.
727 564 1060 624 Notandum,
1104 561 1313 612 nullum
1345 560 1498 610 aliud
1520 559 1731 610 animal
1754 557 1871 608 cali·

295 645 400 696 dos
418 648 580 709 potus
599 638 773 702 sequi,
815 633 1049 698 ideoque
1076 645 1185 681 non
1204 643 1333 681 ‘esse
1355 631 1663 681 naturales.
1731 627 1872 678 Mero

297 719 428 766 ante
448 722 670 760 somnos
693 705 938 756 colluere
967 715 1085 762 ora,
1126 704 1355 765 propter
1396 697 1638 748 halitus:
1686 693 1877 761 frigida

293 779 580 834 matutinis
600 774 806 840 impari
825 785 1055 822 numero
1077 769 1148 819 ad
1174 766 1447 818 cavendos
1464 767 1719 818 dentium
1742 763 1878 816 dolo·

293 866 410 902 res:
437 850 571 898 item
597 858 764 910 posca
784 839 977 891 oculos
1000 848 1197 889 contra
1213 836 1602 903 lippitudines,
1625 841 1783 887 certa
1801 845 1879 884 ex·

295 920 604 987 perimenta
624 915 779 962 sunt:
819 909 966 960 sicut
1001 905 1175 957 totius
1198 907 1449 971 corporis
1464 904 1788 956 valetudini
1804 915 1884 952 va-

296 990 556 1040 rietatem
599 980 776 1031 victus
817 977 1247 1028 inobservatam.
1319 975 1703 1039 Hippocrates
1724 969 1888 1025 tradit

297 1073 407 1108 non
449 1049 832 1120 prandentium
878 1052 1010 1098 exta
1051 1045 1285 1095 celerius
1305 1058 1617 1096 senescere.
1694 1041 1888 1094 Verum

295 1126 355 1176 id
379 1121 638 1175 remediis
661 1118 872 1177 cecinit,
906 1129 1013 1164 non
1038 1113 1245 1178 epulis:
1287 1113 1491 1179 quippe
1517 1111 1701 1163 multo
1722 1109 1891 1161 utilis·

299 1198 442 1246 sima
464 1197 550 1242 est
581 1187 952 1254 temperantia
975 1187 1030 1234 in
1055 1182 1206 1234 cibis.
1274 1181 1342 1232 L.
1367 1181 1641 1231 Lucullus
1666 1179 1809 1232 hanc
1828 1177 1893 1228 do

301 1279 360 1315 se
404 1259 806 1327 praefecturam
850 1268 1014 1304 servo
1054 1250 1317 1302 dederat:
1358 1248 1673 1315 ultimoque
1696 1249 1894 1316 probro

301 1345 497 1382 manus
538 1329 595 1378 in
629 1327 767 1377 cibis
788 1320 1111 1386 triumphali
1134 1319 1251 1370 seni
1289 1319 1677 1380 deiiciebatur,
1718 1316 1810 1369 vel
1842 1318 1899 1366 in

305 1397 582 1464 Capitolio
625 1393 891 1460 epulanti,
933 1389 1189 1456 pudenda
1226 1403 1307 1451 re,
1348 1402 1509 1439 servo
1546 1403 1649 1438 s-uo
1684 1387 1899 1438 facilius

305 1483 521 1539 parere,
546 1479 705 1531 quam
731 1463 858 1513 sibi.
1042 1521 1047 1525 ἡ
1409 1516 1414 1521 ι

374 1536 495 1590 XV.
535 1536 924 1587 Sternumenta
966 1528 1139 1595 pinna
1174 1524 1530 1593 gravedinem
1576 1525 1903 1577 emendant:

307 1614 366 1659 et
387 1606 435 1655 si
459 1606 581 1668 quis
603 1603 787 1653 mulae
811 1614 989 1659 nares,
1036 1602 1099 1646 ut
1140 1595 1383 1656 tradunt,
1426 1594 1621 1645 osculo
1647 1591 1905 1662 attingat,

308 1678 681 1727 sternumenta
720 1677 776 1721 et
818 1666 1138 1735 singultum.
1208 1664 1294 1714 Ob
1336 1663 1443 1714 boc
1486 1663 1667 1714 Varro
1713 1664 1904 1716 suadet

309 1744 552 1813 palmam
597 1741 814 1789 alterna
849 1751 1016 1787 manu
1042 1734 1309 1797 scalpere.
1382 1732 1643 1798 Plerique
1686 1734 1904 1783 anulum

313 1830 343 1866 e
366 1811 593 1864 sinistra
615 1810 670 1858 in
693 1806 1076 1873 longissimum
1102 1802 1362 1853 dexterae
1383 1801 1621 1877 digitum
1648 1801 1906 1855 transfer-

310 1898 391 1945 re,
405 1880 569 1933 autin
589 1890 783 1945 aquam
806 1874 1109 1927 ferventem
1129 1886 1322 1921 manus
1341 1871 1699 1935 immergere.
1738 1868 1907 1923 Theo·
1995 1916 1996 1949 ἑ

315 1950 572 2021 phrastus
593 1961 753 1997 senes
775 1941 1113 1995 laboriosius
1136 1948 1421 1991 sternuere
1446 1940 1603 1990 dicit.
1995 1974 1996 1995 2

385 2018 530 2069 XVI.
566 2016 835 2067 Venerem
881 2010 1166 2062 damnavit
1210 2010 1579 2069 Democritus,
1624 2014 1691 2058 ut
1733 2008 1792 2058 in
1812 2020 1909 2073 qua
1995 2008 1997 2061 ἵ

316 2088 485 2140 homo
512 2086 652 2135 alius
687 2083 941 2133 exsiliret
963 2094 1032 2131 ex
1052 2078 1289 2129 homine.
1365 2078 1465 2127 Est
1508 2076 1745 2129 hercule
1782 2074 1907 2127 rari·

317 2165 408 2209 tas
432 2157 550 2207 eius
571 2153 788 2203 utilior.
859 2150 1117 2201 Athletae
1160 2154 1343 2197 tamen
1370 2153 1665 2211 torpentes
1688 2146 1908 2198 restitu-
1995 2206 1996 2209 Ἴ

320 2234 486 2277 untur
509 2225 754 2275 Venere:
795 2234 905 2271 vox
925 2224 1249 2277 revocatur,
1292 2232 1413 2267 cum
1437 2232 1467 2267 e
1489 2215 1735 2268 candida
1758 2213 1909 2267 decli·

321 2302 422 2347 nat
444 2294 502 2343 in
525 2293 754 2342 fuscam.
811 2289 1071 2340 Medetur
1093 2292 1149 2337 et
1171 2286 1479 2335 lumborum
1507 2285 1714 2346 dolori,
1738 2283 1909 2337 oculo-

323 2378 442 2415 rum
467 2360 834 2418 hebetationi,
857 2363 1040 2407 mente
1060 2356 1251 2420 captiS,
1274 2370 1338 2404 ac
1362 2352 1801 2405 melancholicis.

395 2429 566 2481 XVll.
603 2427 873 2479 Adsidere
895 2424 1252 2491 gravidis,vel
1272 2438 1391 2473 cum
1419 2422 1731 2473 remedium
1752 2419 1909 2472 alicui

327 2494 674 2557 adhibeatur,
720 2494 912 2561 digitis
936 2492 1259 2559 pectinatim
1282 2492 1429 2541 inter
1450 2506 1510 2539 se
1534 2490 1812 2555 implexis,
1830 2504 1908 2539 ve-

327 2564 582 2613 neficium
626 2569 737 2614 est:
797 2562 960 2627 idque
1001 2566 1341 2623 compertum
1384 2558 1617 2608 tradunt
1661 2560 1910 2609 Alcmena

327 2630 628 2679 Herculem
671 2631 939 2693 pariente.
1012 2626 1193 2688 Peius,
1230 2631 1277 2677 si
1320 2631 1464 2679 circa
1494 2642 1665 2677 unum
1688 2627 1909 2678 ambove

329 2708 530 2762 genus.
601 2696 740 2747 Item
765 2698 1004 2763 poplites
1026 2696 1254 2747 alternis
1276 2696 1758 2764 genibusimponi.
1794 2695 1908 2747 Ideo
