2033 3044
265 144 333 195 32
626 141 683 190 C.
723 138 1000 191 PL1N11
1046 137 1425 191 SECUNDI

266 242 580 296 orbiculato
624 241 880 291 foliorum
925 241 1158 303 ambitu,
1198 241 1440 306 speciem
1482 240 1616 291 lecti
1660 242 1868 308 pedum

263 312 548 378 praebens.
621 310 840 360 Bibitur
866 310 936 359 ad
967 310 1246 371 convulsa,
1268 315 1450 374 rupta,
1491 312 1869 377 strangurias,

263 380 598 446 serpentium
621 380 783 429 ictus.
857 379 992 429 item
1018 377 1279 429 decoctae
1300 392 1512 429 succus.

333 448 688 500 Lxxxvm.
737 448 897 498 Nunc
935 446 1292 497 subtexemus
1333 445 1531 499 herbas
1573 447 1869 501 mirabiles

264 516 498 583 quidem,
522 518 618 569 sed
645 517 822 566 minus
847 519 1041 577 claras,
1077 516 1355 567 nobilibus
1377 518 1433 565 in
1456 517 1749 582 sequentia
1773 534 1871 569 vo-

263 586 478 636 lumina
497 586 700 637 dilatis.
740 584 1140 636 Centunculum
1164 589 1370 636 vocant
1392 586 1588 645 nostri,
1612 585 1769 637 foliis
1792 587 1871 638 ad

264 656 683 707 similitudinem
709 654 906 719 capitis
928 653 1277 721 penularum,
1300 654 1575 704 iacentem
1600 656 1658 707 in
1681 656 1865 707 arvist

264 723 464 776 Graeci
505 722 882 774 clematidemz
926 720 1139 789 egregii
1180 722 1409 775 effectus
1450 723 1521 773 ad
1556 724 1867 777 sistendam

263 794 444 845 alvum
469 794 522 842 in
545 793 670 843 vino
695 799 939 843 austero.
1010 791 1146 841 Item
1170 792 1491 859 sanguinem
1514 792 1667 843 sistit
1690 795 1867 846 tritus

265 877 384 913 cum
407 861 730 927 oxymelitis
772 866 867 911 aut
911 874 1089 924 aquae
1112 860 1328 911 calidae
1349 858 1574 927 cyathis
1597 862 1867 929 quinque,

266 929 482 982 denarii
524 930 689 981 unius
729 928 1004 995 pondere:
1047 929 1130 979 sic
1168 936 1227 981 et
1260 929 1331 981 ad
1364 929 1637 981 secundas
1662 932 1867 993 mulie-

265 1014 385 1049 rum
411 998 621 1051 efficax·

271 1116 282 1125 ,
336 1068 637 1119 Lxxxlx.
673 1066 779 1119 Sed
803 1066 1001 1117 Graeci
1026 1064 1357 1117 clematidas
1378 1071 1437 1117 et
1456 1065 1601 1117 alias
1626 1066 1865 1120 habent:

267 1152 428 1188 unam
453 1152 611 1201 quam
633 1136 804 1203 aliqui
827 1135 1045 1187 echiten
1070 1140 1285 1196 vocant,
1306 1134 1406 1185 alii
1429 1134 1691 1203 laginem,
1728 1150 1869 1187 non·

266 1206 402 1255 nulli
426 1212 646 1257 tenuem
670 1206 1088 1256 scammoniam.
1148 1204 1349 1253 Ramos
1372 1202 1535 1254 habet
1557 1203 1871 1270 bipedales,

264 1273 515 1335 follows,
551 1288 658 1323 non
704 1274 1003 1324 dissimiles
1036 1274 1423 1333 scammoniae,
1466 1272 1573 1323 nisi
1608 1274 1763 1339 quod
1784 1276 1873 1325 ni·

267 1341 452 1407 griora
475 1343 797 1407 minoraque
821 1348 948 1393 sunt
971 1342 1128 1393 folia.
1186 1341 1468 1392 invenitur
1487 1340 1545 1391 in
1570 1341 1753 1393 vineis
1777 1358 1871 1395 ai-

265 1411 474 1475 visque.
547 1411 731 1473 Estur,
773 1418 834 1462 ut
868 1412 1023 1475 olus,
1056 1426 1177 1462 cum
1202 1410 1327 1460 oleo
1372 1425 1439 1461 ac
1477 1411 1624 1461 sale:
1672 1411 1865 1463 alvum

269 1481 396 1530 ciet.
468 1478 672 1532 Eadem
715 1495 748 1530 a
787 1481 1159 1547 dysentericis
1189 1493 1309 1544 cum
1336 1478 1433 1532 lini
1458 1480 1669 1533 semine
1692 1495 1763 1532 ex
1786 1482 1869 1533 vi·

267 1563 339 1599 no
361 1554 586 1600 austero
621 1551 896 1600 sorbetur.
967 1549 1131 1600 Folia
1170 1549 1453 1615 epiphoris
1496 1550 1871 1616 imponuntur

268 1631 390 1668 cum
414 1618 658 1684 polenta,
699 1620 986 1684 supposito
1020 1620 1130 1670 udo
1165 1618 1415 1668 linteolo.
1484 1618 1742 1670 strumas
1766 1621 1871 1671 im·

269 1686 456 1754 posita
479 1686 548 1737 ad
571 1691 1021 1753 suppurationem
1048 1688 1373 1753 perducunt,
1394 1686 1592 1738 deinde
1616 1689 1872 1755 axungia

269 1755 490 1809 adiecta
569 1763 844 1810 ercurant.
915 1757 1057 1807 Item
1095 1754 1549 1808 haemorrhoidas
1582 1771 1706 1807 cum
1732 1758 1871 1809 oleo

271 1825 450 1889 viridi,
480 1841 513 1892 p
555 1826 783 1878 thisicos
805 1828 1000 1878 iuvant
1020 1841 1142 1876 cum
1168 1824 1349 1881 melle·
1423 1824 1615 1875 Laetis
1638 1840 1871 1892 quoque

267 1895 578 1948 ubertatem
623 1895 836 1947 faciunt
853 1897 910 1946 in
931 1895 1071 1946 cibis
1091 1900 1287 1945 sumta.
1361 1894 1434 1943 Et
1466 1893 1779 1945 infantibus
1802 1895 1867 1946 il·

267 1966 372 2016 lita
415 1964 673 2032 capillum
717 1965 890 2015 alunt.
959 1965 1045 2014 Ex
1080 1968 1239 2014 aceto
1282 1962 1562 2012 edentium
1588 1963 1873 2016 Venerem

269 2035 571 2086 stimulant.

339 2103 448 2155 XC.
488 2106 586 2155 Est
628 2107 686 2153 et
728 2101 842 2153 alia
877 2101 1159 2160 clematis,
1199 2100 1475 2165 Aegyptia
1517 2101 1871 2166 cognomine,

272 2187 411 2240 quae
435 2174 505 2224 ab
529 2171 652 2222 aliis
674 2169 1041 2236 daphnoides,
1079 2171 1147 2220 ab
1190 2169 1318 2218 aliis
1344 2167 1753 2234 polygonoides
1774 2183 1872 2220 vo-

273 2247 454 2292 catur:
498 2241 637 2290 folio
677 2239 835 2300 lauri,
875 2241 1043 2304 longa
1075 2240 1400 2302 tenuisque:
1441 2235 1705 2288 adversus
1748 2253 1872 2289 ser·

272 2315 482 2373 pentes,
504 2323 568 2359 ac
590 2308 850 2374 privatim
877 2307 1116 2373 aspidas,
1136 2321 1203 2356 ex
1225 2312 1387 2356 aceto
1410 2312 1543 2370 pota
1566 2305 1777 2362 efficax.

339 2378 476 2427 xci.
507 2380 792 2443 Aegyptus
815 2377 958 2428 hanc
977 2376 1219 2425 maxime
1238 2373 1441 2440 gignit:
1466 2389 1607 2438 quae
1630 2380 1688 2426 et
1708 2373 1872 2435 aron,

273 2447 341 2494 de
364 2460 471 2509 qua
493 2446 639 2496 inter
660 2446 859 2496 bulbos
885 2445 1143 2502 diximus,
1168 2456 1399 2509 magnae
1420 2454 1541 2492 cum
1569 2443 1870 2497 dracontio

275 2511 410 2561 litis.
482 2513 718 2572 Quidam
763 2515 905 2565 enim
938 2512 1167 2564 eandem
1198 2525 1318 2561 osse
1340 2509 1620 2562 dixerunt.
1692 2511 1865 2564 Glau-

275 2581 387 2629 cias
409 2585 531 2628 satu
557 2581 837 2641 discrevit,
853 2583 1199 2632 dracontium
1225 2578 1533 2630 silvestrem
1559 2595 1714 2630 arum
1740 2593 1867 2646 pro·

277 2646 596 2698 nuntiando.
673 2649 854 2714 Aliqui
889 2650 1126 2700 radicem
1169 2662 1303 2698 aron
1326 2647 1695 2714 appellarunt,
1740 2663 1867 2700 cau-
