2033 3044
182 195 492 249 NATUR.
537 194 886 261 HISTOR.
928 196 1535 253 LlB.XXV.28-35.
1635 196 1709 252 59

110 312 245 350 ιιιιιο
263 299 502 367 legitur,
549 312 747 351 succus
768 315 800 351 e
820 298 1041 353 fronde.
1112 300 1347 365 Quidam
1370 302 1556 353 caules
1578 314 1706 353 con-

113 370 258 421 cisos
293 368 685 421 madefaciunt
723 369 919 422 diebus
959 370 1165 435 va,
1204 376 1371 438 atque
1407 372 1492 423 ita
1533 371 1712 438 expri-

110 446 280 492 munt.
349 441 480 491 Hoc
501 438 824 491 centaurion
845 440 1019 491 nostri
1041 439 1121 494 fel
1145 446 1326 493 terrae
1346 446 1567 503 vocant,
1587 456 1713 508 pro-

113 520 236 575 pter
273 510 710 561 amaritudinem
741 512 1035 561 summam.
1109 509 1259 561 Galli
1301 524 1541 573 exacon,
1584 524 1716 577 quo·

112 581 256 630 niam
279 580 473 630 omnia
491 578 646 629 mala
667 579 1065 631 medicamenta
1082 586 1276 647 potum
1301 595 1333 631 e
1354 594 1590 649 corpore
1608 580 1719 631 exi-

111 656 211 715 gat
231 664 329 716 per
347 651 558 700 alvum.
607 668 612 675 ·

181 718 411 772 xxxu.
433 720 523 775 21.
560 718 755 769 'lei-tia
783 724 873 769 est
903 715 1211 781 centauris,
1259 720 1587 789 cognomine
1617 718 1719 769 tri·

109 788 315 839 orchis.
389 786 506 851 Qui
523 802 644 839 eam
677 792 848 849 secat,
889 802 1075 839 rarum
1097 794 1199 850 est,
1240 794 1303 839 ut
1332 803 1443 839 non
1465 788 1719 839 vulneret

107 874 274 911 sese.
322 858 482 911 Haec
505 872 744 909 succum
750 858 1108 926 sanguineum
1128 858 1322 910 mittit.
1398 856 1713 926 Theophra

109 934 228 980 stus
253 927 480 979 defendi
505 942 647 990 eam,
685 927 1109 995 impugnarique
1133 928 1465 993 colligentes
1487 928 1663 979 tradit
1684 941 1719 978 a

109 995 358 1050 wion-che
378 998 708 1064 accipitrum
732 1010 953 1063 ffgenere
996 1012 1033 1048 a
1055 1012 1161 1064 quo
1184 1004 1243 1049 et
1261 1012 1459 1048 nomen
1482 998 1717 1063 accepit.

110 1068 371 1149 Imperiti
399 1066 758 1163 confundunt
773 1066 918 1155 liaeo
953 1067 1169 1129 omnia,
1188 1070 1273 1119 et
1312 1068 1490 1135 primo
1522 1067 1717 1135 generi

111 1139 438 1259 mxigingi‘ltl.
461 1205 548 1257 22.
587 1205 886 1273 Clymenus
915 1218 1102 1273 arege
1126 1204 1297 1257 herba
1316 1206 1596 1272 appellata
1617 1213 1719 1270 est,

115 1276 312 1329 ederae
335 1275 516 1337 foliis,
535 1282 778 1339 ramosa,
819 1276 1013 1327 caule·
997 1277 1167 1338 inani,
1187 1276 1438 1327 articulis
1460 1277 1714 1344 praecin-

115 1354 219 1409 cta,
262 1347 444 1401 odore
475 1346 676 1413 gravis
695 1352 753 1397 et
782 1346 992 1397 semine
1026 1346 1248 1408 ederae,
1289 1348 1637 1399 silvestribus
1661 1353 1719 1400 et

115 1418 426 1469 montuosis
456 1430 738 1467 nascens..
780 1416 992 1479 Quibus
1014 1415 1224 1467 morbis
1258 1422 1391 1483 pota
1409 1418 1720 1480 medeatur,

117 1486 380 1540 dicemus.
439 1484 564 1539 ‘Sed
600 1486 1076 1540 hic·⁴indicandum
1110 1492 1216 1550 est,
1265 1486 1390 1539 dum
1412 1488 1718 1550 medeatur,

119 1558 480 1610 sterilitatem
503 1564 642 1625 pota
671 1558 838 1609 etiam
855 1557 990 1608 viris
1001 1558 1150 1610 fieri.
1192 1555 1389 1610 Graeci
1410 1559 1720 1626 plantagini

117 1629 353 1680 similem
387 1642 556 1680 Nesse
551 1627 857 1689 dixerunt,
881 1627 1059 1678 ·caule
1102 1627 1413 1692 quadrato,
1450 1627 1717 1680 folliculis

121 1713 242 1750 cum
271 1699 488 1752 semine
519 1697 676 1748 inter
697 1711 758 1748 se
789 1696 1067 1762 implexis,
1106 1695 1262 1746 velut
1296 1697 1352 1746 in
1386 1699 1715 1764 polyporum

123 1769 292 1821 cirris.
371 1770 446 1820 Et
460 1779 665 1819 succus
696 1771 882 1817 autem
911 1766 968 1814 in
1003 1778 1129 1827 usu,
1170 1763 1226 1812 vi
1246 1779 1458 1814 summa
1476 1768 1534 1815 in
1558 1765 1722 1818 refri-

159 1839 384 1891 erando.

123 1853 160 1905 g
187 1906 447 1962 XXXIV.
471 1904 562 1959 23.
601 1906 935 1958 Gentianam
967 1903 1185 1955 invenit
1206 1901 1443 1954 Gentius
1459 1917 1561 1955 rex
1582 1902 1720 1970 llly-

122 1977 348 2040 riorum,
389 1977 598 2044 ubique
617 1983 955 2038 nascentem,
995 1976 1056 2024 in
1077 1973 1309 2042 Illyrico
1350 1980 1540 2025 tamen
1562 1987 1721 2038 prae-

122 2049 544 2109 stantissimam,
583 2043 724 2096 folio
743 2046 980 2097 fraxini:
1020 2046 1117 2096 sed
1140 2043 1523 2111 magnitudine
1542 2043 1720 2095 lactu-

123 2133 234 2181 cae,
279 2118 441 2170 mule
462 2123 677 2177 tenero,
703 2116 923 2181 pollicis
947 2115 1331 2176 crassitudine,
1376 2127 1509 2165 cavo
1534 2119 1589 2164 et
1610 2113 1725 2163 ina-

121 2191 191 2252 ni,
213 2204 281 2240 ex
299 2186 628 2238 intervallis
649 2186 865 2248 foliato,
886 2184 1055 2242 trium
1078 2181 1372 2252 aliquando
1396 2183 1726 2244 cubitorum,

122 2258 300 2310 radice
323 2257 502 2318 lenta,
521 2255 806 2322 subnigra,
825 2255 944 2306 sine
965 2254 1156 2315 odore,
1199 2254 1423 2323 aquosis
1447 2253 1723 2303 montibus

125 2327 444 2395 Subalpinis
467 2327 727 2393 plurima.
798 2326 942 2376 Usus
972 2324 1031 2374 in
1063 2291 1255 2376 radice
1288 2330 1343 2375 et
1367 2335 1547 2373 succo.
1620 2322 1725 2372 Ra·

125 2397 254 2450 dicis
295 2404 509 2449 natura
555 2401 642 2448 est
669 2393 1103 2456 excalfactoria,
1141 2394 1240 2447 sed
1287 2387 1724 2462 praegnantibus

127 2483 222 2520 non
242 2466 514 2519 bibenda.

184 2537 422 2590 XXXV.
448 2534 539 2586 24.
576 2533 792 2585 Invenit
821 2539 877 2585 et
893 2531 1264 2599 Lysimachus
1293 2529 1518 2582 herbam
1559 2527 1722 2599 Lysi·

129 2606 426 2668 machiam,
453 2603 597 2670 quae
621 2605 706 2654 ab
712 2616 778 2654 eo
798 2617 999 2654 nomen
1022 2602 1247 2664 retinet,
1286 2602 1563 2654 celebrata
1582 2603 1722 2653 Era-

129 2678 369 2728 sistrato.
443 2673 492 2724 F
497 2674 615 2724 olia
633 2673 800 2725 habet
822 2672 1007 2722 salicis
1032 2671 1253 2731 viridia,
1300 2671 1491 2722 florem
1516 2684 1720 2752 purpu

125 2759 296 2809 reum,
332 2744 632 2806 Fmticosa,
664 2740 893 2794 ramulis
915 2740 1136 2803 erectis,
1168 2740 1340 2793 odore
1364 2743 1503 2793 acri:
1542 2737 1723 2807 gigni·
