2033 3044
277 169 344 219 10
454 185 462 193 ·
663 163 721 216 C.
777 162 1050 215 PLINn
1089 160 1470 214 SECUNDI

274 267 570 321 lentiscina
601 265 1049 319 commodissime
1084 265 1340 331 replicat.
1412 264 1631 316 Fractis
1668 279 1913 334 quoque

279 336 598 398 utilissima,
637 341 696 388 et
737 334 966 385 auribus
1011 336 1359 401 purulentiam
1400 334 1537 385 item
1567 334 1626 383 in
1666 337 1915 400 pruritu

278 406 620 475 genitalium.
703 404 876 455 Pinea
911 404 1119 469 eapitis
1159 404 1479 455 vulneribus
1524 403 1745 469 optime
1788 420 1915 457 me-

279 478 460 529 detur.

350 546 555 597 xxm.
591 544 695 595 Pix
735 556 952 609 quoque
992 540 1139 591 unde
1179 544 1237 591 et
1276 539 1478 605 quibus
1524 541 1917 595 conficeretur

283 616 480 677 modis,
505 614 870 665 indicavimus
891 630 905 662 ε
945 611 1141 662 eteius
1161 608 1271 659 duo
1296 622 1524 675 genera,
1547 613 1815 675 spissum,
1844 611 1917 662 li-

281 684 638 751 quidumque.
713 680 1025 747 Spissarum
1066 680 1369 730 utilissima
1402 679 1724 732 medicinae
1758 680 1915 732 Bru·

280 758 384 816 tia,
405 753 662 819 quoniam
697 750 1069 818 pinguissima
1099 756 1154 800 et
1184 747 1593 800 resinosissima
1628 754 1915 817 utrasque

283 824 515 891 praebet
536 821 844 872 utilitates:
881 821 951 871 ob
973 818 1034 869 id
1060 819 1237 886 magis
1260 817 1445 878 rutila,
1466 833 1632 884 quam
1654 825 1913 873 ceterae.

283 894 346 944 ld
370 894 514 943 enim
541 891 690 957 quod
710 891 770 941 in
794 890 899 941 hoc
922 889 1213 949 adiiciunt,
1237 904 1268 939 e
1290 888 1535 939 mascula
1559 890 1765 941 arbore
1790 904 1913 941 me·

282 964 481 1015 liorem
508 976 630 1012 esse
646 996 662 1022 ,
705 974 817 1011 non
843 959 1087 1010 arbitror
1108 972 1269 1024 posse
1292 956 1551 1024 intelligi.
1628 958 1784 1010 Picis
1808 975 1915 1011 na-

283 1039 414 1084 tura
433 1029 753 1092 excalfacit,
797 1028 1003 1097 explet.
1078 1027 1425 1078 Adversatur
1463 1027 1725 1092 privatim
1750 1044 1917 1081 cera-

283 1108 405 1154 stae
428 1102 703 1152 morsibus
727 1114 853 1150 cum
885 1098 1137 1164 polenta:
1177 1098 1312 1148 item
1340 1096 1577 1163 anginae
1614 1112 1741 1149 cum
1766 1098 1915 1151 mel·

284 1170 358 1232 le,
401 1169 863 1220 distillationibus
889 1172 947 1218 et
967 1166 1419 1218 sternutamentis
1443 1181 1477 1217 a
1496 1168 1723 1232 pituita.
1800 1170 1916 1219 Au-

287 1241 445 1291 ribus
489 1237 799 1289 infunditur
837 1252 961 1288 cum
999 1250 1257 1289 rosaceo:
1303 1235 1547 1286 illinitur
1588 1251 1715 1287 cum
1756 1252 1913 1289 cera.

287 1307 464 1361 Sanat
486 1306 754 1368 lichenas,
790 1307 972 1358 alvum
993 1306 1177 1368 solvit,
1218 1305 1632 1357 exscreationes
1656 1306 1917 1371 pectoris

287 1377 519 1428 adiuvat
541 1376 858 1441 ecligmate,
881 1381 978 1426 aut
999 1374 1148 1428 illita
1167 1374 1415 1426 tonsillis
1437 1389 1561 1425 cum
1587 1376 1770 1428 melle.
1814 1375 1917 1428 Sic

289 1453 347 1499 et
366 1444 596 1497 hulcera
615 1451 837 1513 purgat,
883 1445 1089 1511 explet.
1164 1446 1297 1496 Cum
1316 1459 1423 1495 uva
1444 1458 1611 1510 passa
1636 1451 1696 1496 et
1722 1460 1885 1497 axun

287 1516 398 1586 gia,
441 1515 806 1567 carbunculos
851 1520 1083 1582 purgat,
1126 1520 1184 1566 et
1222 1514 1595 1581 putrescentia
1637 1514 1913 1568 hulceraff

285 1601 430 1654 quae
451 1600 584 1636 vero
610 1589 858 1651 serpunt,
901 1599 1022 1634 cum
1047 1585 1211 1650 pineo
1238 1585 1462 1646 cortice,
1502 1591 1599 1637 aut
1618 1583 1914 1652 sulphure.

289 1654 588 1708 phthisicis
631 1656 800 1706 etiam
835 1651 1023 1720 cyathi
1056 1668 1313 1705 mensura
1344 1653 1568 1722 quidam
1610 1654 1915 1717 dederunt,

289 1730 349 1779 ct
389 1731 586 1776 contra
623 1730 866 1776 veterem
909 1723 1125 1774 tussim.
1199 1721 1497 1792 Rhagadas
1530 1724 1681 1776 sedis
1722 1731 1781 1776 et
1814 1739 1911 1792 pe·

291 1794 441 1856 dum,
481 1809 780 1861 panosque,
811 1799 868 1846 et
889 1808 1103 1859 ungues
1122 1791 1351 1843 scabros
1372 1793 1667 1845 emendat:
1704 1794 1913 1845 vulvae

291 1864 530 1918 duritias
566 1870 624 1916 et
664 1863 1077 1924 conversiones,
1118 1860 1317 1913 odore:
1359 1862 1495 1914 item
1536 1861 1911 1931 lethargicos.

291 1934 546 1987 Strumas
568 1935 706 1985 item
731 1949 852 1984 cum
876 1931 1058 1982 farina
1079 1929 1390 1982 hordeacea
1410 1967 1427 1993 ,
1471 1939 1531 1984 et
1553 1931 1713 1997 pueri
1732 1936 1913 1998 impu·

288 2003 377 2054 bis
412 2004 573 2053 urina
606 2003 840 2054 decocta
872 2001 942 2052 ad
973 2001 1431 2066 suppurationem
1479 2001 1753 2068 perducit.
1833 2001 1913 2053 Et

291 2071 364 2124 ad
385 2071 669 2138 alopecias
691 2073 840 2123 sicca
860 2070 982 2137 pice
1003 2076 1255 2121 utuntur.
1306 2069 1391 2122 Ad
1412 2071 1707 2123 mulierum
1730 2085 1910 2122 mam-

293 2156 415 2194 mas
436 2140 650 2203 Brutia,
673 2156 741 2192 ex
761 2141 889 2190 vino
909 2139 1324 2191 subfervefacta
1346 2155 1467 2192 cum
1492 2141 1707 2208 polline
1729 2139 1910 2192 farra·

293 2226 414 2272 ceu,
436 2226 598 2277 quam
622 2209 982 2261 calidissimis
1003 2209 1307 2275 impositis.

363 2280 568 2334 XXIV.
605 2279 846 2345 Liquida
881 2279 1002 2344 pix,
1060 2279 1357 2345 oleumque
1398 2279 1547 2345 quod
1588 2279 1906 2346 pisselaeon

294 2355 534 2413 vocant,
575 2348 1042 2417 quemadmodum
1084 2349 1280 2409 fieret,
1324 2349 1586 2400 diximus.
1659 2349 1905 2412 Quidam

292 2417 498 2470 iterum
521 2419 855 2487 decoquunt,
878 2424 934 2469 et
952 2424 1154 2469 vocant
1182 2417 1587 2484 palimpissam.
1661 2417 1912 2486 Liquida

296 2487 533 2555 anginae
553 2494 937 2554 perunguntur
957 2487 1142 2548 intus,
1188 2494 1245 2538 et
1267 2502 1392 2538 ura.
1462 2486 1545 2537 Ad
1568 2487 1783 2538 aurium
1810 2489 1909 2540 do·

293 2555 466 2618 loros,
508 2557 819 2609 claritatem
843 2556 1150 2624 oculorum,
1176 2559 1291 2607 oris
1312 2555 1771 2620 circumlitinnes,
1810 2573 1903 2610 su·

293 2625 586 2690 spiriosos,
607 2627 822 2688 vulvas,
835 2625 1032 2676 tussim
1053 2632 1313 2686 veterem,
1328 2632 1386 2676 st
1408 2624 1631 2676 crebras
1652 2641 1905 2679 exscreo·

295 2693 480 2750 tiones
519 2695 791 2764 pectoris,
833 2709 1103 2763 spasmos,
1144 2700 1448 2756 tremores,
1487 2693 1901 2760 opisthotonos,
