2033 3044
247 195 317 247 26
375 160 382 166 ’
591 193 652 243 e.
701 190 993 243 PL1N11
1058 189 1442 243 snctmm

249 310 368 357 nes,
387 292 662 363 pterygia.
733 293 1144 345 Abundantiam
1168 295 1432 345 mensium
1454 292 1509 343 in
1531 292 1767 345 feminis
1791 294 1875 345 si·

246 372 422 426 stunt,
447 363 786 428 vulvamque,
813 368 869 413 et
889 364 1097 423 sedem,
1122 362 1473 427 procidentes
1563 362 1706 414 item
1730 378 1876 415 ocu-

247 433 356 493 los,
381 432 492 483 oris
517 432 672 491 vitia,
696 440 752 481 et
775 432 1124 499 genitalium.

315 501 567 553 LXVIII.
607 499 866 566 vulgaris
891 512 1109 565 quoque
1132 498 1269 550 haec
1290 501 1483 567 spina,
1503 513 1572 551 ex
1596 514 1713 565 qua
1734 516 1871 553 cor-

245 569 405 623 tinae
431 569 696 620 fulloniae
721 570 1037 635 implentur,
1068 568 1274 619 radicis
1308 584 1440 619 usus
1479 567 1672 620 habet.
1748 568 1873 622 Per

245 640 556 705 Hispanias
577 637 796 705 quidem
821 637 1004 699 multi,
1046 644 1103 687 et
1142 639 1289 689 inter
1312 637 1528 701 odores,
1572 644 1630 689 et
1655 636 1730 689 ad
1752 654 1867 690 un-

246 714 460 775 guenta
477 713 708 757 utuntur
731 707 849 768 illa,
875 704 1225 771 aspalathum
1246 713 1528 758 vocantes.
1600 708 1711 757 Est
1734 709 1872 761 sine

249 778 421 830 dubio
443 777 548 827 hoc
566 776 792 825 nomine
814 777 973 841 spina
991 775 1265 825 silvestris
1287 774 1343 825 in
1359 776 1607 837 Oriente,
1623 782 1695 827 ut
1717 776 1879 828 dixi·
1922 790 1939 801 ·

247 860 396 910 mnis,
421 844 675 905 candida,
695 844 1081 910 magnitudine
1104 843 1319 895 *fl-boris
1340 846 1539 897 iustae.

318 914 520 966 LXIX.
559 912 664 963 Sed
689 919 744 963 et
765 912 953 963 frutex
975 911 1251 980 humilior,
1290 928 1463 979 aeque
1482 913 1767 980 spinosus,
1803 916 1869 965 in

249 984 483 1051 Nisyro,
521 987 579 1033 et
618 980 957 1032 Rhodiorum
1003 981 1223 1043 insulis,
1262 996 1421 1047 quem
1456 982 1558 1033 alii
1579 982 1868 1050 erysisce-

254 1060 437 1120 ptrum
464 1088 480 1114 ,
543 1050 639 1101 alii
680 1050 770 1100 adi
779 1048 1047 1115 psatbeon
1072 1084 1087 1109 ,
1130 1049 1245 1101 sive
1288 1048 1585 1101 diacheton
1630 1059 1868 1103 vocant.

255 1122 530 1189 Optimus,
574 1119 668 1185 qui
692 1118 916 1168 minime
937 1116 1268 1180 ferulaceus,
1304 1119 1521 1181 rubens,
1564 1120 1697 1171 etin
1724 1136 1868 1187 pur-

255 1202 450 1257 puram
473 1202 722 1253 vergens,
749 1187 1004 1238 detracto
1028 1188 1256 1237 cortice.
1312 1188 1577 1239 Nascitur
1598 1189 1870 1255 pluribus

258 1259 421 1317 locis,
444 1256 542 1307 sed
565 1268 674 1303 non
695 1256 900 1322 ubique
924 1254 1209 1306 odoratus.
1282 1258 1461 1318 Quam
1482 1258 1597 1307 vim
1622 1256 1873 1311 haberet

258 1324 489 1378 caelesti
529 1338 660 1373 arcu
690 1326 748 1374 in
773 1340 896 1375 eum
925 1323 1132 1385 innixo,
1169 1324 1425 1376 diximus,
1497 1324 1681 1377 Sanat‘
1708 1332 1873 1379 tetra

257 1395 372 1447 oris
383 1392 612 1443 hulcera
626 1398 682 1444 et
703 1407 961 1455 ozaenas,
973 1394 1239 1460 genitalia
1260 1393 1614 1446 exbulcerata
1631 1402 1730 1446 aut
1744 1410 1870 1447 car-

257 1461 634 1517 bunculantia:
679 1462 813 1513 item
843 1461 1144 1529 rhagadia:
1187 1462 1500 1514 inflationes
1524 1469 1661 1530 potu
1684 1464 1874 1516 discu-

255 1535 350 1597 tit,
391 1537 448 1584 et
469 1533 829 1599 strangurias·
903 1533 1110 1583 Cortex
1152 1533 1471 1599 sanguinem
1494 1532 1869 1586 reddentibus

258 1601 526 1655 medetur.
562 1601 870 1652 Decoctum
895 1603 1015 1651 eius
1040 1602 1222 1651 alvum
1246 1601 1415 1652 sistit.
1452 1600 1680 1654 Similia
1702 1617 1872 1668 prae·

259 1679 409 1724 stare
429 1669 744 1720 silvestrem
773 1684 992 1736 quoque
1016 1675 1229 1734 putant.

330 1738 503 1792 LXX.
541 1737 710 1806 Spina
731 1745 817 1790 est
841 1739 1117 1804 appendix
1138 1738 1435 1804 appellata,
1452 1738 1715 1806 quoniam
1736 1741 1871 1792 bac-

263 1825 360 1862 cae
381 1809 614 1875 puniceo
639 1809 830 1861 coloro
853 1807 910 1856 in
931 1821 998 1857 ea
1021 1808 1351 1873 appendices
1371 1815 1661 1859 vocantur.
1736 1810 1867 1862 Hae

262 1879 464 1931 crudae
487 1893 585 1945 per
609 1894 688 1939 se,
731 1886 786 1929 et
807 1875 996 1927 aridae
1020 1880 1075 1926 in
1098 1878 1225 1928 vino
1252 1877 1535 1940 decoctae,
1577 1877 1763 1928 alvum
1792 1878 1870 1930 ci-

259 1955 396 2010 tam,
436 1963 502 1998 ac
525 1948 769 1999 tormina
793 1951 1169 2009 compescunt.
1241 1945 1627 2012 Pyracanthae
1648 1945 1867 2000 baccae

263 2021 459 2068 contra
477 2016 813 2080 serpentium
838 2015 984 2063 ictus
1007 2012 1288 2066 bibuntur.

331 2080 530 2134 LXXI.
568 2084 821 2135 Paliurus
845 2096 1063 2148 quoque
1082 2085 1278 2148 spinae
1303 2097 1477 2150 genus
1496 2090 1597 2136 est.
1662 2083 1871 2138 Semen

262 2153 384 2206 eius
404 2152 526 2204 Afri
542 2167 736 2203 zuram
777 2157 996 2212 vocant,
1036 2159 1229 2202 contra
1248 2153 1569 2218 scorpiones
1594 2156 1869 2207 efficacis-

261 2223 491 2273 simum:
533 2223 668 2272 item
711 2219 1008 2272 calculosis
1050 2228 1104 2270 et
1124 2221 1283 2271 tussi.
1355 2221 1520 2272 Folia
1560 2222 1868 2274 adstricto-

259 2291 401 2342 riam
423 2290 536 2340 vim
557 2289 781 2341 habent.
853 2288 1035 2340 Radix
1061 2289 1290 2340 discutit
1332 2305 1524 2356 panos,
1568 2291 1867 2344 collectio·

261 2373 380 2418 nes,
418 2361 688 2409 vomicas:
733 2359 927 2408 urinas
969 2355 1143 2408 trahit
1184 2366 1336 2422 pota.
1362 2376 1381 2392 ·
1410 2358 1721 2412 Decoctum
1744 2365 1871 2413 eius

261 2431 454 2490 potum
479 2427 537 2476 in
557 2427 688 2476 vino
715 2425 894 2477 alvum
921 2427 1099 2476 sistit:
1134 2427 1489 2494 serpentibus
1513 2429 1869 2482 adversatur.

261 2492 442 2542 Radix
462 2495 760 2561 praecipue
781 2495 1023 2546 daturin
1048 2495 1197 2546 vino,

329 2558 558 2610 LXXII.
579 2563 852 2628 Agrifolia
871 2570 1107 2616 contusa
1126 2564 1318 2617 addito
1341 2567 1475 2627 sale,
1496 2565 1867 2619 articulorum

263 2626 472 2677 morbis
495 2637 752 2692 prosunt=
792 2632 998 2683 baccae
1022 2634 1339 2700 purgationi
1363 2635 1719 2706 feminal-pm,
1740 2651 1869 2688 coe·

262 2693 439 2756 liacis,
465 2693 859 2763 dysentericis,
881 2716 946 2752 ac
969 2700 1282 2754 cholericis.
1355 2705 1416 2755 In
1436 2703 1567 2754 vino
1593 2709 1766 2770 potae
1788 2705 1869 2758 al·
