2033 3044
305 202 376 255 22
671 198 729 249 e.
771 198 1047 252 PLlNll
1112 176 1477 251 s'scuNm

309 320 341 358 e
361 304 489 353 vino
511 306 660 367 pota.
733 300 906 353 Pecus
927 302 1115 363 etiam,
1138 310 1197 353 et
1219 314 1437 368 caprae,
1460 301 1511 351 si
1533 314 1736 368 aquam
1758 299 1919 353 bibe·

311 373 442 433 rint,
465 372 522 421 in
547 386 656 436 qua
678 370 818 421 folia
837 386 904 422 ea
923 371 1263 433 maduerint,
1286 372 1427 421 mori
1452 370 1739 421 dicuntur.

381 440 520 491 LlV.
544 440 660 491 Nec
677 439 810 491 rhus
830 439 1092 490 Latinum
1113 454 1312 490 nomen
1334 438 1517 501 habet,
1532 454 1657 489 cum
1679 440 1735 488 in
1756 452 1923 489 usum

311 510 563 579 pluribus
591 510 769 559 modis
798 509 1000 559 veniat.
1075 510 1217 560 Nam
1238 515 1297 561 et
1318 508 1488 559 herba
1509 515 1598 558 est
1618 508 1924 571 silvestris,

313 580 472 631 foliis
494 579 685 645 myrti,
710 578 1004 629 cauliculis
1028 579 1305 640 brevibus,
1347 592 1489 643 quae
1520 583 1707 628 tineas
1728 578 1924 642 pellit:

317 656 373 703 et
395 649 580 699 frutex
603 648 875 698 coriarius
906 647 1237 713 appellatur,
1278 646 1607 709 subrutilus,
1638 647 1927 708 cubitalis,

317 717 686 771 crassitudine
723 716 978 783 digitali:
1021 718 1175 775 cuius
1200 716 1370 767 aridis
1392 716 1565 778 foliis,
1604 723 1669 766 ut
1692 716 1927 767 malico-

317 790 423 850 rio,
462 786 614 837 coria
637 786 1009 850 perficiuntur.
1084 786 1289 837 Medici
1309 791 1493 836 autem
1520 783 1730 835 rhoicis
1756 792 1924 836 utun-

320 866 412 910 tur
433 855 502 906 ad
525 862 780 905 contusa:
817 854 954 905 item
978 854 1274 915 coeliacos,
1308 862 1364 906 et
1384 853 1533 907 sedis
1556 852 1808 915 hulcera,
1829 861 1929 904 aut

321 940 460 995 quae
484 922 871 991 phagedaenas
896 929 1113 984 vocant,
1154 925 1292 975 trita
1330 938 1451 974 cum
1475 923 1661 985 melle,
1693 932 1752 975 et
1775 923 1929 974 illita

321 1010 444 1049 cum
468 1003 647 1046 aceto.
699 992 1000 1045 Decoctum
1028 1007 1219 1044 eorum
1241 992 1553 1043 instillatur
1572 994 1811 1044 auribus
1833 1008 1929 1059 pu-

255 1104 260 1109 .
321 1064 573 1117 rulentis.
644 1062 738 1114 Fit
761 1068 818 1113 et
840 1062 1133 1114 stomatice
1157 1061 1395 1113 decoctis
1417 1061 1588 1113 ramis
1611 1062 1682 1112 ad
1706 1062 1927 1125 eadem,

324 1148 463 1201 quae
485 1147 553 1183 ex
574 1133 770 1181 moris:
813 1132 908 1182 sed
943 1130 1220 1183 efficacior
1238 1130 1485 1181 admixto
1508 1131 1778 1184 alumine.
1854 1131 1927 1182 ll-

321 1203 520 1253 linitur
539 1200 732 1250 eadem
755 1199 1188 1267 hydropicorum
1211 1201 1435 1252 tumori.

394 1266 510 1320 LV.
555 1267 718 1329 Rbus,
744 1269 836 1336 qui
861 1268 1122 1336 erythros
1144 1270 1476 1336 appellatur,
1498 1283 1687 1320 semen
1712 1275 1805 1320 est
1825 1267 1927 1319 hu·

321 1339 407 1388 ius
423 1336 662 1387 fruticis.
685 1336 810 1387 Vim
829 1337 995 1389 habet
1018 1339 1400 1406 adstringendi
1419 1337 1929 1406 refrigerandique.

319 1406 642 1472 Aspergitur
677 1421 774 1472 pro
808 1407 926 1458 sale
949 1409 1213 1459 obsoniis.
1285 1409 1453 1460 Alvos
1476 1407 1663 1469 solvit,
1706 1422 1931 1460 omnes-

319 1491 428 1543 que
467 1488 661 1528 carnes
703 1490 824 1527 cum
861 1476 1070 1545 silphio
1114 1479 1397 1529 suaviores
1437 1476 1589 1528 facit.
1666 1476 1931 1530 Hulceri·
2013 1462 2014 1469 ἵ

319 1547 424 1597 bus
451 1547 700 1596 medetur
721 1547 1075 1598 manantibus
1098 1547 1219 1599 cuin
1244 1547 1442 1599 melle:
1488 1547 1786 1612 asperitati
1822 1549 1926 1598 lin-

321 1630 482 1684 guae,
525 1616 818 1680 percussis,
859 1615 1067 1676 lividis,
1109 1615 1485 1683 desquamatis
1520 1616 1717 1666 eodem
1736 1617 1927 1668 modo.

325 1684 537 1750 Capitis
557 1681 788 1735 hulcera
806 1683 877 1735 ad
899 1683 1213 1737 cicatricem
1238 1685 1527 1737 celerrime
1547 1685 1832 1752 perducit:
1868 1692 1930 1737 et

323 1753 599 1806 feminaru
609 1769 657 1804 ni
683 1751 1083 1805 abundantiam
1107 1755 1257 1806 sistit
1280 1755 1422 1806 cibo.

392 1823 538 1875 LVI.
575 1823 696 1874 Alia
716 1839 806 1875 res
829 1821 1254 1890 erythrodanus,
1280 1839 1441 1890 quam
1462 1822 1641 1890 aliqui
1666 1822 1926 1874 ereutho-

323 1895 528 1946 danum
551 1898 768 1956 vocant,
789 1907 890 1943 nos
911 1893 1150 1954 rubiam,
1170 1909 1278 1959 qua
1296 1894 1583 1962 tinguntur
1602 1892 1786 1954 lanae,
1809 1892 1925 1960 pel·
2009 1897 2010 1923 ῐ

321 1965 514 2029 lesque
537 1962 920 2028 perficiuntur:
965 1962 1023 2012 in
1047 1962 1319 2014 medicina
1352 1962 1569 2013 urinam
1596 1961 1735 2013 ciet:
1776 1977 1923 2012 mor·

324 2033 454 2082 bum
481 2032 690 2097 regium
717 2037 878 2080 sanat
902 2046 968 2082 ex
994 2046 1137 2096 aqua
1158 2032 1351 2094 mulsa,
1366 2038 1422 2081 et
1441 2030 1689 2082 lichenas
1711 2046 1779 2082 ex
1806 2047 1926 2084 ace·

325 2107 384 2151 to
409 2099 584 2152 illita:
631 2107 686 2151 et
708 2097 1057 2162 ischiadicos,
1079 2106 1135 2152 et
1158 2100 1515 2168 paralyticos,
1546 2099 1629 2150 ita
1650 2105 1712 2150 ut
1734 2100 1923 2154 biben-
2007 2097 2008 2130 ³

326 2176 413 2222 tes
456 2169 715 2221 laventur
759 2168 1029 2234 quotidie.
1102 2169 1286 2220 Radix
1337 2184 1638 2235 semenque
1689 2169 1923 2222 trahunt

323 2255 558 2302 menses,
606 2239 789 2288 alvum
832 2239 1055 2298 sistunt,
1098 2243 1155 2289 et
1196 2238 1552 2290 collectiones
1596 2237 1921 2291 discutiunt.
2005 2287 2006 2292 ,

326 2309 536 2359 Contra
559 2312 844 2371 serpentes
872 2307 1013 2358 rami
1046 2322 1168 2358 cum
1191 2305 1343 2358 foliis
1364 2307 1735 2373 imponuntur.
1808 2309 1918 2359 Fo-
2005 2303 2006 2340 ἶ

323 2376 404 2427 lia
448 2384 506 2428 et
546 2375 805 2441 capillum
850 2375 1119 2426 inficiunt.
1193 2377 1421 2428 Invenio
1464 2375 1609 2440 apud
1652 2376 1919 2443 quosdam

324 2445 576 2494 morbum
613 2445 822 2510 regium
861 2445 1048 2494 sanari
1085 2443 1189 2494 hoc
1214 2443 1434 2506 frutice,
1476 2447 1693 2496 etiamsi
1717 2444 1914 2497 adalli-

321 2516 487 2578 gatus
509 2517 792 2575 spectetur
813 2518 1051 2563 tantum.

391 2577 558 2627 Lvn.
597 2579 785 2631 Distat
806 2580 875 2630 ab
899 2596 982 2640 eo,
996 2582 1088 2647 qui
1109 2579 1336 2647 alysson
1356 2588 1606 2643 vocatur,
1628 2581 1780 2632 foliis
1800 2587 1917 2633 tan·

321 2651 441 2696 tum
467 2650 523 2693 et
544 2646 712 2695 ramis
737 2649 1075 2699 minoribus:
1105 2663 1305 2700 nomen
1344 2651 1577 2715 accepit,
1611 2650 1755 2716 quod
1778 2665 1811 2702 a
1832 2666 1915 2703 ca·

325 2728 394 2766 ne
415 2725 629 2763 morsos
651 2714 864 2766 rabiem
896 2719 1105 2770 sentire
1134 2731 1242 2768 non
1269 2719 1499 2784 patitur,
1521 2724 1689 2787 potus
1710 2734 1778 2773 ex
1799 2736 1914 2774 ace·
2001 2715 2002 2761 }
