2033 3044
183 103 487 160 NATUR.
513 106 865 159 HISTOR.
896 108 1062 161 LIB.
1085 107 1322 162 XXIV.
1354 108 1556 162 43-48.
1628 107 1694 162 19

132 214 327 275 purgat,
346 209 627 260 efficacius
651 210 839 262 addito
860 213 1028 262 nitro.
1066 211 1385 264 lnfunditur
1405 213 1569 264 etiam
1593 227 1694 278 pu-

130 277 339 328 rulentis
362 279 613 338 auribus,
638 285 735 330 aut
757 278 1074 331 dolentibus
1098 297 1220 331 cum
1246 281 1390 332 oleo.
1463 282 1693 332 Cicatri-

130 346 261 396 cibus
282 361 499 413 quoque
520 348 774 399 decorem
799 347 949 400 facit.
1023 350 1106 400 Ad
1129 351 1300 400 lienes
1323 349 1600 400 efficacior
1623 349 1698 412 al,-

130 415 214 466 bae
234 423 333 478 est,
374 414 531 468 ferro
555 415 889 468 calefactusz
930 417 1176 484 satisque
1199 423 1283 468 est
1305 419 1494 469 acinos
1516 433 1612 468 sex
1632 419 1691 468 in

128 483 223 533 vini
241 485 456 551 cyathis
478 486 699 537 duobus
720 487 879 537 sumi.
950 487 1112 537 Acini
1151 501 1370 554 quoque
1406 501 1472 536 ex
1497 487 1688 538 eadem

130 552 238 602 alba
254 555 416 616 terni,
435 556 492 604 in
518 562 678 606 aceto
698 554 875 606 mulso
899 556 1032 622 poti,
1049 557 1225 608 tineas
1248 556 1483 622 pellunt:
1507 558 1561 604 in
1583 568 1692 620 qua

132 625 391 676 curatione
432 623 618 674 ventri
656 638 872 690 quoque
914 625 1248 690 imposuisse
1291 639 1387 676 eos
1425 623 1561 674 utile
1585 631 1690 674 est.

132 689 344 756 Ederae,
386 709 553 760 quam
594 691 999 760 chrysocarpon
1041 695 1464 760 appellavimus,
1506 693 1690 742 baccis

133 764 261 812 aurei
286 763 489 814 coloris
524 762 739 830 viginti,
776 763 835 814 in
871 763 988 813 vini
1032 765 1276 814 sextario
1310 763 1481 823 tritis,
1519 763 1603 812 ita
1628 767 1692 813 ut

133 831 253 880 terni
276 829 465 898 cyathi
487 837 768 896 potentur,
810 846 1009 898 aquam
1053 847 1192 898 quae
1235 837 1416 883 cutem
1437 831 1691 894 subierit,

134 897 265 951 unna
282 899 470 952 educit
489 900 878 950 Erasistratus.
952 900 1214 953 Eiusdem
1237 901 1428 952 acinos
1451 902 1690 966 quinque

132 968 269 1018 tritos
286 969 342 1020 in
359 983 595 1020 rosaceo
618 969 763 1031 oleo,
787 967 1199 1038 calefactosque
1218 970 1273 1019 in
1300 969 1506 1020 cortice
1529 969 1691 1019 Puni-

134 1035 185 1097 ci,
204 1036 495 1090 instillavit
518 1037 767 1090 dentium
792 1037 978 1090 dolori
998 1053 1034 1088 a
1053 1039 1331 1090 contraria
1350 1053 1496 1088 aure.
1569 1039 1692 1088 Aci·

134 1107 188 1167 ni,
204 1108 289 1172 qui
308 1110 457 1160 croci
480 1121 703 1158 suceum
725 1105 947 1170 habent,
960 1109 1262 1174 praesumti
1283 1115 1422 1174 potu
1443 1121 1476 1156 a
1494 1121 1687 1172 crapu-

130 1171 175 1224 la
192 1181 335 1228 tutos
358 1183 675 1242 praestant:
698 1177 831 1228 item
854 1177 1176 1243 sanguinem
1199 1182 1566 1237 exemi-cantes,
1591 1183 1690 1227 aut

130 1245 437 1296 torminibus
484 1246 819 1298 laborantes.
890 1247 1105 1298 Ederae
1128 1248 1316 1312 nigrae
1337 1245 1688 1297 candidiores

130 1316 355 1380 corymbi
380 1316 523 1380 poti,
546 1315 767 1366 steriles
790 1315 959 1366 etiam
978 1316 1132 1366 viros
1153 1315 1385 1367 faciunt.
1448 1315 1690 1364 lllinitur

130 1381 335 1434 decocta
356 1398 714 1450 quaecunque
732 1383 789 1434 in
809 1385 937 1434 vino
958 1387 1201 1435 omnium
1228 1384 1510 1435 hulcerum
1531 1398 1688 1450 gene·

129 1451 181 1510 ri,
192 1452 403 1503 etiamsi
422 1451 687 1504 meoethe
705 1455 834 1504 sint.
872 1453 1130 1504 Lacrima
1149 1454 1348 1505 ederae
1364 1451 1688 1518 psilothrum

130 1526 215 1584 est,
232 1519 671 1591 phthiriasimque
692 1524 861 1574 tollit.
932 1522 1066 1575 Flos
1085 1525 1454 1589 cuiuscunque
1474 1521 1692 1590 generis

128 1588 271 1641 trium
292 1592 597 1660 digitorum
620 1599 802 1658 captu,
840 1591 1220 1657 dysentericos
1240 1599 1296 1645 et
1321 1594 1498 1644 alvum
1524 1592 1691 1643 citam

130 1660 377 1723 emendat,
395 1661 455 1711 in
479 1663 605 1712 vino
624 1667 845 1713 austero
867 1662 953 1711 bis
978 1662 1068 1712 die
1093 1669 1272 1726 potus.
1331 1664 1404 1713 Et
1427 1664 1693 1713 ambustis

126 1726 341 1781 illinitur
364 1730 585 1782 utiliter
615 1745 737 1781 cum
762 1745 905 1781 cera.
979 1729 1288 1795 Denigrant
1311 1731 1572 1795 capillum
1600 1744 1694 1780 co-

130 1798 305 1861 rynbi.
376 1799 603 1851 Radicis
636 1814 831 1851 succus
863 1802 917 1849 in
938 1805 1100 1849 aceto
1131 1803 1312 1863 potus,
1355 1803 1548 1848 contra
1568 1795 1698 1861 pha·

130 1863 297 1933 langia
319 1868 568 1933 prodest.
640 1869 823 1921 Huius
862 1882 1080 1935 quoque
1103 1867 1243 1933 ligni
1267 1880 1394 1918 vase
1419 1866 1694 1931 splenicos

132 1933 359 1989 hibentes
378 1938 571 1989 sanari
598 1939 833 1990 invenio.
902 1938 977 1989 Et
998 1940 1188 1989 acinos
1211 1942 1412 1996 terunt,
1457 1948 1694 1999 moxque

132 2007 453 2067 comburunt,
496 2014 554 2059 et
588 2009 675 2058 ita
710 2007 936 2057 illinunt
974 2006 1248 2069 ambusta,
1294 2006 1446 2071 prius
1471 2002 1697 2069 perfusa

132 2084 250 2138 aqua
268 2075 473 2127 calida.
546 2074 687 2127 Sunt
717 2078 805 2141 qui
830 2082 887 2127 et
917 2075 1170 2128 incidant
1190 2074 1340 2125 succi
1364 2075 1563 2141 gratia,
1607 2086 1698 2123 eo·

132 2154 215 2204 que
237 2150 473 2195 utantur
512 2144 580 2195 ad
622 2144 815 2197 dentes
855 2159 1077 2197 erosos:
1121 2144 1414 2211 frangique
1455 2141 1698 2201 tradunt,

136 2215 377 2272 proximis
400 2228 535 2265 cera
556 2214 805 2276 munitis,
828 2229 895 2265 ne
919 2214 1230 2265 laedantur.
1284 2212 1503 2263 Gummi
1528 2209 1696 2261 etiam

134 2276 177 2327 'm
192 2281 358 2336 edera
376 2290 668 2348 quaerunt,
690 2282 834 2349 quod
856 2298 925 2335 ex
946 2290 1110 2335 aceto
1132 2281 1489 2333 utilissimum
1517 2278 1696 2331 denti-

132 2343 213 2399 bus
232 2352 582 2417 promittunt.
618 2384 624 2389 -

184 2417 431 2472 xbvln.
454 2420 659 2471 Graeci
681 2422 859 2472 vicino
882 2420 1152 2471 vocabulo
1177 2416 1394 2469 cisthon
1415 2416 1698 2483 appellant

134 2481 361 2541 fruticem
388 2488 657 2541 maiorem
680 2488 890 2555 thymo,
913 2487 1068 2539 foliis
1093 2487 1276 2539 ocimi.
1313 2487 1440 2538 Duo
1465 2488 1582 2538 eius
1602 2500 1697 2553 ge-

138 2565 261 2607 nera.
328 2558 464 2610 Flos
490 2557 735 2609 niasculo
758 2572 1034 2618 rosaceus,
1059 2556 1300 2607 feminae
1321 2556 1498 2608 albus.
1569 2556 1696 2605 Am-

134 2616 191 2675 bo
217 2632 447 2692 prosunt
486 2625 853 2694 dysentericis
892 2636 949 2679 et
972 2624 1348 2744 εοΙιιὶίοὲιίῐΞυε
1373 2624 1598 2687 ventris,
1639 2622 1699 2673 in
