2033 3044
282 162 380 215 198
673 164 731 214 C.
788 161 1066 215 PLan
1112 161 1495 214 SECUNDI

279 281 382 317 sua
403 264 682 318 arefactus
703 268 759 316 in
783 266 953 328 fumo,
977 266 1107 316 dein
1128 270 1285 316 tusus
1308 279 1376 316 ex
1398 265 1582 328 melle,
1594 264 1866 334 quotidia-

278 352 350 386 no
375 334 684 401 ecligmate.
755 335 1047 386 Efficacior
1070 341 1153 385 est
1175 335 1243 385 ad
1280 335 1339 385 id
1361 335 1560 388 subulo
1584 350 1863 387 cervorum

278 405 515 472 generis.
590 405 923 472 Sanguinem
947 409 1302 469 exspuentes,
1346 405 1555 455 cervini
1583 419 1776 456 cornus
1796 403 1867 454 ci-

281 475 402 526 nis:
435 475 720 542 coagulum
744 475 952 539 leporis
974 475 1145 524 tertia
1166 480 1323 538 parte
1344 472 1555 525 denarii
1581 489 1697 525 cum
1720 480 1867 526 terra

283 543 474 596 Samia
515 551 572 596 et
609 545 734 594 vino
771 550 988 610 myrteo
1014 549 1202 608 potum
1226 549 1403 592 sanat.
1476 543 1742 595 Eiusdem
1760 541 1868 594 fimi

287 613 425 664 cinis
463 614 521 663 in
561 616 688 665 vino
725 613 942 677 vesperi
971 618 1149 678 putus,
1190 617 1489 662 nocturnas
1531 619 1738 664 tusses:
1774 611 1864 677 pili

287 697 506 750 quoque
525 681 734 749 leporis
757 681 946 743 suffiti,
987 678 1285 731 extrahunt
1305 681 1661 746 pulmonibus
1683 681 1859 733 diffici-

284 751 370 804 les
392 751 813 803 exscreationes.
887 749 1219 803 Purulentas
1261 757 1447 800 autem
1472 749 1860 802 exhulceratio·

285 837 384 872 nes
407 822 648 887 pectoris
688 819 1089 886 pulmonisque,
1131 826 1188 869 et
1207 832 1242 868 a
1264 819 1526 884 pulmone
1562 819 1865 886 graveolen-

283 894 422 941 tiam
446 889 668 952 halitus,
707 890 966 954 butyrum
991 887 1371 939 efficacissime
1392 889 1578 950 iuvat,
1620 904 1743 940 cum
1764 887 1871 955 pari

285 959 458 1010 modo
483 960 662 1012 mellis
685 959 859 1009 Attici
882 957 1190 1017 decoctum,
1215 956 1394 1008 donec
1414 957 1679 1019 rufescat,
1700 963 1757 1010 et
1774 973 1869 1008 ma-

286 1029 490 1080 tutinis
511 1035 749 1080 sumtum
773 1027 840 1078 ad
864 1039 1173 1078 mensuram
1196 1025 1461 1093 lingulae.
1514 1027 1756 1089 Quidam
1780 1039 1869 1094 pro

287 1097 483 1159 melle,
523 1098 710 1148 laricis
735 1097 974 1148 resinam
1004 1095 1206 1146 addere
1232 1096 1492 1146 maluere.
1570 1095 1633 1148 Si
1660 1096 1867 1165 sanguis

285 1167 594 1228 reiiciatur,
635 1166 913 1218 efficacem
953 1165 1182 1218 tradunt
1222 1164 1485 1216 bubulum
1533 1167 1869 1234 sanguinem,

286 1237 506 1287 modice
541 1242 596 1285 et
619 1250 740 1286 cum
771 1241 932 1286 aceto
965 1241 1230 1286 sumtuum
1270 1250 1396 1286 nam
1431 1234 1499 1285 de
1523 1237 1748 1288 taurino
1765 1251 1870 1288 cre·

289 1305 439 1364 dere,
463 1304 816 1354 temerarium
843 1310 948 1354 est.
971 1303 1080 1355 Sed
1103 1304 1373 1372 glutinum
1394 1305 1683 1356 taurinum
1706 1306 1866 1358 tribus

289 1373 468 1425 obolis
510 1387 632 1423 cum
675 1373 858 1424 calida
881 1387 1029 1439 aqua
1064 1374 1278 1426 bibitur
1302 1373 1359 1424 in
1380 1378 1574 1427 vetere
1592 1375 1867 1445 sanguinis

289 1443 685 1494 exscreatione.
1394 1495 1399 1500 ⁶

357 1511 500 1564 le.
539 1508 894 1563 Stomachum
917 1509 1337 1566 exhulceratum
1364 1511 1529 1565 lactis
1556 1515 1763 1569 asinini
1776 1530 1865 1585 po-

288 1589 380 1633 tus
398 1581 605 1633 reficit:
647 1580 780 1633 item
805 1581 1016 1632 bubuli.
1088 1582 1355 1633 Rosiones
1378 1582 1495 1633 eius
1520 1598 1653 1637 caro
1677 1585 1867 1638 bubula

290 1650 540 1704 admixto
564 1657 723 1704 aceto
749 1655 806 1701 et
825 1652 955 1702 vino
978 1657 1151 1703 cocta.
1210 1650 1663 1707 Rheumatismos
1686 1669 1865 1709 cornus

289 1722 500 1773 cervini
523 1722 678 1773 cinis.
713 1718 1007 1789 Sanguinis
1030 1723 1437 1773 exscreationes
1459 1719 1735 1777 hoedinus
1754 1740 1863 1777 san·

292 1793 418 1859 guis
441 1807 651 1854 recens,
693 1789 765 1841 ad
803 1790 1041 1857 cyathos
1061 1795 1249 1841 ternos
1270 1804 1392 1847 cum
1432 1799 1599 1844 aceto
1624 1796 1741 1848 acri
1758 1793 1865 1861 pari

288 1862 454 1913 modo
478 1860 699 1913 fervens
719 1865 915 1926 potus:
943 1859 1231 1927 coagulum
1254 1862 1425 1910 tertia
1444 1869 1611 1926 parte
1636 1879 1707 1919 ex
1722 1870 1861 1917 aceto

331 1938 499 1983 otum.
1592 1962 1597 1969 -

287 1945 324 1997 P
363 1999 483 2053 LV.
522 1998 783 2052 Iocineris
807 1997 1051 2059 dolores,
1090 1996 1207 2062 lupi
1229 1998 1385 2047 iecur
1418 1998 1637 2052 aridum
1660 2015 1729 2053 ex
1746 1998 1861 2051 mul-

291 2084 384 2120 so:
408 2070 549 2119 asini
570 2070 726 2120 iecur
749 2067 966 2119 aridum
987 2080 1106 2116 cum
1129 2066 1449 2132 petroselini
1478 2070 1733 2133 partibus
1750 2070 1859 2121 dua.

292 2139 411 2201 bus,
451 2154 517 2189 ac
557 2140 786 2191 nucibus
822 2136 1016 2196 tribus,
1060 2149 1128 2186 ex
1160 2135 1325 2186 melle
1344 2138 1555 2199 tritum,
1601 2147 1661 2191 et
1680 2141 1735 2190 in
1754 2140 1859 2191 cibo

293 2215 562 2259 sumtum:
587 2206 811 2273 sanguis
833 2205 1077 2257 hircinus
1102 2204 1225 2255 cibo
1252 2210 1493 2270 aptatus.
1552 2207 1861 2276 Suspiriosis

295 2285 424 2330 ante
450 2278 635 2327 omnia
666 2277 858 2327 efficax
879 2281 964 2325 est
984 2278 1148 2339 potus
1184 2273 1561 2340 equiferorum
1582 2276 1859 2345 sanguinis.

291 2344 553 2399 Proxime
575 2346 732 2398 lactis
753 2344 954 2395 asinini
975 2343 1149 2409 tepidi
1172 2359 1291 2394 cum
1314 2344 1498 2395 bulbis
1522 2346 1759 2409 decocti,
1792 2347 1861 2399 its

289 2422 354 2465 ut
375 2430 553 2467 serum
579 2429 647 2466 ex
669 2429 734 2465 eo
756 2414 1003 2465 bibatur=
1038 2412 1225 2464 addito
1252 2416 1306 2463 in
1328 2420 1442 2465 tres
1466 2413 1719 2469 heminas
1738 2430 1857 2485 cyn-

290 2480 390 2531 tho
416 2483 674 2533 nasturtii
697 2481 910 2548 perfusi
929 2496 1087 2547 aqua,
1132 2482 1330 2533 deinde
1353 2484 1516 2535 melle
1544 2485 1723 2538 diluti.
1786 2486 1855 2539 le-

294 2562 394 2597 cur
415 2563 630 2614 quoque
650 2551 951 2617 vulpinum,
996 2558 1095 2601 aut
1114 2551 1321 2616 pulmo,
1353 2552 1407 2602 in
1432 2554 1564 2605 vino
1589 2556 1857 2625 nigroffiui

265 2630 270 2633 ·
291 2612 370 2663 fel
391 2616 632 2667 ursinum
655 2620 713 2667 in
735 2634 896 2684 aqua,
918 2620 1074 2670 laxat
1095 2628 1309 2672 meatus
1332 2622 1605 2687 spirandi.

361 2678 503 2731 LVI.
543 2682 880 2738 Lumborum
901 2687 1143 2752 dolores,
1162 2695 1221 2743 et
1233 2705 1592 2761 quaecunque
1612 2694 1724 2767 alia
1736 2690 1853 2747 mul·
