2033 3044
251 146 560 200 NATUR.
599 145 940 200 HISTOR.
980 148 1142 201 LIB.
1176 148 1400 201 XXIV.
1425 148 1621 205 54-60.
1688 151 1761 205 23

162 258 222 303 to
244 250 724 318 adalligataeque.
779 249 980 301 Mirum
1003 257 1089 302 est
1114 252 1258 317 quod
1284 252 1524 315 additur,
1547 256 1757 309 saniem

160 328 458 387 conspecto
481 319 712 377 omnino
734 317 934 370 frutice
957 335 1023 371 eo
1049 320 1267 372 siccari.

223 387 430 440 Lvul.
466 388 842 454 Tingentibus
887 395 942 439 et
982 389 1239 441 radicula
1270 391 1424 441 lanas
1446 400 1760 458 praeparat,

161 474 328 526 quam
351 454 635 509 struthion
661 470 696 506 a
722 456 950 507 Graecis
970 459 1159 509 vocari
1186 458 1440 509 diximus.
1498 460 1760 512 Medetur

160 528 358 579 morbo
378 526 536 593 regio
559 531 620 576 et
642 526 765 592 ipsa
785 527 1014 578 decocto
1040 530 1157 578 eius
1182 534 1341 593 poto:
1371 530 1503 578 item
1529 530 1763 593 pectoris

159 597 332 648 vitiis.
405 596 639 646 Urinam
650 594 794 655 aciet,
817 596 1002 645 alvum
1030 598 1221 657 solvit,
1256 602 1314 649 et
1334 598 1523 647 vulvas
1550 604 1763 665 purgat.

161 665 538 727 Quamobrem
565 678 794 715 aureum
817 665 1071 730 poculum
1094 665 1295 717 medici
1318 673 1535 717 vocant.
1608 668 1689 718 Ea
1710 677 1766 719 et

161 748 232 787 ex
262 732 433 785 melle
465 735 701 799 prodest
719 734 1006 801 magnifice
1027 734 1097 785 ad
1134 736 1351 796 tussim,
1392 734 1765 801 orthopnoeae

161 799 479 855 cochlearis
504 817 780 853 mensura.
853 805 988 855 Cum
1021 804 1247 869 polenta
1267 818 1402 855 vero
1426 811 1483 856 et
1505 810 1667 857 aceto
1690 806 1766 857 le·

162 888 294 939 pras
317 874 486 924 tollit.
559 872 771 923 Eadem
809 888 930 923 cum
962 888 1171 938 panace
1204 879 1261 925 et
1302 877 1554 941 capparis
1574 874 1765 927 radice

165 942 416 994 calculos
441 940 668 1007 frangit,
690 941 977 1008 pellitque.
1051 942 1231 993 Panos
1254 943 1505 1005 discutit,
1540 960 1661 994 cum
1684 944 1767 994 fa-

163 1013 288 1063 rina
323 1010 642 1061 hordeacea
672 1016 730 1061 et
750 1011 879 1062 vino
901 1010 1147 1063 decocta.
1220 1012 1491 1063 Miscetur
1514 1018 1571 1063 et
1593 1013 1764 1065 mala-

165 1082 396 1149 gmatis,
429 1085 489 1130 et
510 1079 781 1145 collyriis,
805 1080 1083 1130 claritatis
1106 1096 1300 1132 causa:
1323 1087 1767 1133 sternutamento

163 1149 322 1201 utilis
342 1150 495 1200 inter
517 1164 718 1214 pauca:
759 1148 888 1199 lieni
911 1164 1128 1216 quoque
1150 1164 1216 1201 ac
1238 1150 1485 1202 iocineri.
1557 1152 1765 1203 Eadem

165 1226 306 1286 pota
321 1218 538 1270 denarii
562 1218 726 1268 unius
749 1217 995 1284 pondere
1020 1234 1087 1271 ex
1108 1220 1289 1271 mulsa
1310 1235 1468 1287 aqua,
1509 1222 1773 1288 suspirio-

169 1303 264 1341 sos
284 1294 466 1339 sanat.

239 1356 336 1409 Sic
357 1364 415 1407 et
435 1355 783 1423 pleuriticos,
823 1362 881 1406 et
913 1370 1103 1407 omnes
1141 1355 1334 1408 lateris
1358 1357 1600 1421 dolores,
1644 1372 1773 1425 apo·

175 1426 306 1493 cyni
344 1441 536 1477 semen
561 1438 629 1474 ex
651 1438 808 1489 aqua.
881 1423 1091 1475 Frutex
1113 1430 1197 1476 est
1218 1426 1359 1477 folio
1382 1426 1599 1489 ederae,
1639 1427 1783 1479 mol-

173 1496 318 1548 liore
337 1500 549 1556 tamen,
575 1501 631 1544 et
655 1495 832 1544 minus
857 1493 1041 1560 longis
1064 1494 1324 1558 viticulis,
1356 1496 1566 1550 semine
1590 1503 1773 1560 acuto,

174 1565 375 1627 diviso,
417 1567 777 1629 lanuginoso,
817 1565 970 1628 gravi
1012 1563 1199 1616 odore.
1276 1568 1450 1618 Canes
1490 1574 1545 1618 et
1584 1581 1775 1618 omnes

177 1633 566 1702 quadrupedes
589 1637 752 1682 necat
773 1631 830 1680 in
855 1632 976 1682 cibo
1004 1631 1211 1683 datum.

245 1704 393 1756 le.
432 1705 539 1754 Est
561 1709 620 1752 et
643 1701 1029 1751 rosmarinum.
1104 1700 1229 1750 Duo
1254 1717 1463 1767 genera
1484 1702 1621 1752 eius.
1688 1701 1784 1752 Al-

180 1781 358 1824 terum
381 1771 597 1831 sterile,
623 1770 856 1821 alterum
879 1771 966 1821 cui
989 1773 1047 1820 et
1069 1769 1261 1829 caulis,
1285 1774 1341 1818 et
1365 1783 1552 1819 semen
1573 1769 1781 1819 resina-

180 1857 354 1904 ceum,
376 1841 526 1909 quod
553 1837 784 1905 cachrys
807 1844 1055 1891 vocatur.
1094 1836 1269 1886 Foliis
1290 1836 1431 1888 odor
1451 1836 1647 1886 thuris.
1670 1837 1783 1887 Ra·-

180 1910 278 1962 dix
297 1911 534 1963 vulnera
555 1914 718 1960 sanat
735 1907 924 1960 viridis
950 1907 1229 1972 imposita,
1250 1913 1307 1957 et
1326 1905 1475 1958 sedis
1497 1904 1789 1972 prociden-

181 1981 285 2042 tia,
309 1979 732 2047 condylomata,
754 1982 810 2026 et
829 1973 1299 2028 haemorrhoidas,
1374 1974 1578 2027 Succus
1595 1981 1651 2026 et
1673 1975 1785 2025 fru-

183 2049 312 2100 ticis
335 2055 391 2100 et
412 2047 622 2099 radicis
643 2047 890 2098 morbum
913 2047 1145 2112 regium,
1163 2050 1219 2095 et
1234 2061 1301 2096 ea
1322 2059 1466 2112 quae
1486 2058 1785 2110 repurgan-

185 2118 258 2170 da
274 2123 424 2169 sunt.
498 2116 800 2166 Oculorum
823 2116 997 2166 aciem
1021 2115 1256 2165 exacuit.
1329 2113 1529 2166 Semen
1552 2113 1620 2164 ad
1640 2121 1787 2164 vete·
1856 2115 1861 2118 '

183 2202 250 2240 ra
269 2187 520 2254 pectoris
557 2186 700 2235 vitia
723 2185 883 2234 datur
904 2185 1079 2250 potui.
1154 2183 1229 2234 Et
1251 2183 1321 2234 ad
1348 2183 1536 2234 vulvas
1560 2197 1681 2233 cum
1708 2182 1787 2231 vi-

185 2271 259 2308 no
291 2262 351 2308 et
385 2256 594 2322 pipere.
670 2253 894 2304 Menses
926 2253 1172 2303 adiuvat.
1246 2252 1517 2319 Podagris
1548 2250 1789 2301 illinitur

188 2341 310 2378 cum
337 2327 535 2377 aerina
555 2322 761 2373 farina.
808 2321 1016 2388 Purgat
1036 2322 1206 2373 etiam
1228 2321 1544 2388 lentigines,
1568 2326 1626 2371 et
1646 2335 1788 2387 quae

187 2393 614 2447 excalfacienda
635 2397 780 2452 sunt,
818 2397 914 2442 aut
936 2405 1059 2441 cum
1084 2391 1255 2440 sudor
1281 2389 1645 2459 quaerendus,
1676 2390 1788 2440 illi-

183 2471 334 2515 tum:
373 2463 512 2514 item
554 2461 850 2511 convulsis.
919 2461 1102 2524 Auget
1145 2466 1201 2510 et
1222 2459 1310 2510 lac
1329 2461 1387 2510 in
1419 2459 1544 2510 vino
1566 2465 1789 2525 potum:

184 2535 320 2586 item
342 2531 530 2582 radix.
603 2532 732 2595 Ipsa
751 2527 921 2580 herba
937 2527 1166 2579 strumis
1196 2543 1316 2578 cum
1340 2536 1500 2580 aceto
1520 2530 1790 2580 illinitur:

186 2602 254 2652 ad
279 2600 481 2652 tussim
509 2613 633 2648 cum
656 2597 821 2648 melle
841 2597 1091 2663 prodest.

249 2671 370 2724 Lx.
409 2665 662 2734 cachrys
683 2665 860 2718 multa
875 2679 1085 2734 genera
1107 2663 1291 2728 habet,
1304 2671 1367 2716 ut
1386 2665 1645 2716 diximus.
1684 2659 1800 2714 Sed
