2033 3044
247 185 312 240 (Ξ.
347 186 536 239 PLIN.
567 184 716 238 SEC.
756 187 918 239 NAT.
958 186 1151 240 Hls'r.
1183 187 1365 241 XXIX
1427 188 1543 243 1-5.
1612 188 1715 242 21⁷

143 304 206 341 re
224 292 284 341 in
303 289 516 356 templo
538 290 655 342 eius
674 290 762 341 dei
787 289 917 356 quid
941 285 1266 341 auxiliatum
1287 284 1449 354 esset,
1492 300 1554 344 ut
1573 300 1720 361 post-

145 374 213 411 ea
232 359 544 411 similitudo
567 361 874 425 proficeret,
909 359 1263 424 exscripsisse
1283 374 1349 411 ea
1368 360 1620 424 traditur,
1642 371 1721 414 at-

147 444 252 495 que
275 432 364 491 (ut
382 427 563 480 Varro
581 428 728 495 apud
747 444 846 479 nos
869 427 1067 490 credit)
1107 428 1317 493 templo
1338 435 1601 492 cremato,
1643 432 1722 481 in-

147 496 400 549 stituisse
421 496 750 548 medicinam
773 495 930 556 hanc,
953 512 1095 563 quae
1108 498 1313 549 Clinice
1332 503 1574 548 vocatur.
1610 499 1721 551 Nec

145 564 255 617 ruit
275 571 472 633 postea
505 570 764 631 quaestus
803 565 1027 617 moduse
1068 567 1323 632 quoniam
1345 566 1609 617 Prodicus
1628 566 1722 619 Se-

145 634 421 701 lymbriae
461 641 641 696 natus,
681 650 713 687 e
747 634 1031 701 discipulis
1070 636 1207 696 eius,
1247 636 1540 687 instituens
1563 650 1723 701 quam

147 710 348 755 vocant
389 702 798 769 latralepticen‚
835 704 1220 755 reunctoribus·
1251 718 1465 770 quoque
1485 704 1719 756 medico·

147 787 270 823 rum
289 787 357 823 ac
381 771 727 823 mediastinis
746 771 986 838 vectigal
1003 772 1229 825 invenit.

211 841 309 893 111.
347 842 564 892 Horum
584 840 792 905 placita
811 840 1151 907 Chrysippus
1170 842 1381 909 ingenti
1398 841 1726 908 garrulitate

149 909 400 970 mutavit,
443 910 846 975 plurimumque
886 916 943 961 et
983 924 1054 961 ex
1074 909 1386 977 Chrysippo
1426 910 1726 976 discipulus

149 979 268 1031 eius
285 978 675 1041 Erasistratus,
705 978 1021 1030 Aristotelis
1043 978 1159 1030 iilia
1180 980 1415 1044 genitus.
1485 980 1597 1031 Hic
1618 980 1728 1031 An-

149 1047 336 1101 tiocho
379 1062 514 1113 rege
553 1053 754 1099 sanato
795 1049 836 1099 C
875 1047 1103 1099 talentis
1145 1048 1382 1099 donatus
1422 1054 1507 1099 est
1542 1064 1577 1099 a
1593 1062 1726 1115 rege

149 1115 472 1237 Ptolezinaeo
493 1116 612 1169 filio
635 1116 771 1180 eius,
807 1122 870 1169 ut
897 1117 1225 1183 incipiamus
1248 1123 1303 1169 et
1325 1118 1567 1183 praemia
1586 1118 1725 1168 artis

157 1193 304 1239 osten
349 1201 464 1239 ere.

213 1255 290 1307 1v
290 1291 305 1307 .
324 1254 456 1307 Alia
473 1252 646 1307 factio
667 1256 757 1315 (ab
779 1256 1165 1321 experimentis
1184 1257 1579 1322 cognominant
1598 1258 1725 1307 Em·

150 1326 382 1393 pii-icen)
403 1325 589 1389 coepit
610 1326 668 1375 in
687 1322 894 1386 Sicilia,
915 1325 1127 1376 Acrone
1143 1326 1503 1391 Agrigentino
1526 1325 1723 1391 Empe-

159 1394 334 1447 doclis
357 1392 572 1460 physici
593 1393 924 1445 auctoritate
945 1394 1345 1447 commendato.

212 1462 282 1517 V.
321 1462 792 1529 Dissederuntque
812 1461 913 1514 hae
936 1461 1032 1513 diu
1052 1461 1299 1525 scholaez
1339 1471 1395 1516 et
1417 1479 1604 1517 omnes
1626 1479 1723 1517 eas

149 1533 432 1588 damnarit
447 1531 802 1598 Herophilus,
816 1532 875 1582 in
896 1533 1134 1584 musicos
1152 1533 1319 1597 pedes
1332 1549 1593 1586 venarum
1608 1535 1724 1600 pul-

149 1620 210 1656 su
235 1603 514 1669 descripto
560 1617 656 1669 per
696 1607 940 1654 aetatum
961 1599 1179 1665 gradus.
1248 1600 1487 1653 Deserta
1528 1602 1728 1655 deinde

149 1679 206 1725 et
227 1671 368 1725 haec
411 1677 570 1724 secta
605 1677 726 1723 est:
768 1669 1024 1736 quoniam
1049 1683 1275 1722 necesse
1298 1669 1493 1720 eratin
1517 1685 1585 1724 ea
1603 1671 1728 1724 lite-

147 1757 241 1794 ras
261 1741 428 1792 scire.
496 1742 716 1792 Mutata
753 1746 809 1791 et
844 1752 1005 1803 quam
1042 1742 1239 1803 postea
1256 1738 1607 1802 Asclepiades
1646 1744 1733 1801 (ut

149 1809 460 1870 retulimus)
481 1810 785 1862 invenerat.
852 1807 1087 1858 Auditor
1124 1805 1244 1858 eius
1264 1805 1563 1858 Themison
1602 1805 1729 1869 fuit,

152 1879 248 1948 qni
276 1893 420 1946 quae
442 1877 590 1930 inter
609 1878 774 1929 initia
796 1875 1040 1943 scripsit,
1079 1875 1177 1926 illo
1216 1889 1345 1926 mox
1384 1874 1676 1928 recedente
1697 1891 1731 1927 a

150 1950 284 2013 vita,
321 1946 394 2000 ad
425 1963 527 1999 sua
568 1946 775 2015 placita
815 1945 1065 1996 mutavit.
1138 1944 1247 1996 Sed
1270 1949 1326 1996 et
1345 1943 1443 1994 illa
1461 1944 1731 1997 Antonius

149 2019 314 2070 Musa
357 2017 600 2072 eiusdem
627 2015 963 2068 auctoritate
983 2013 1102 2065 divi
1125 2013 1377 2080 Augusti,
1416 2028 1579 2080 quem
1598 2027 1729 2064 con·

149 2088 328 2140 traria
366 2085 642 2137 medicina
677 2084 832 2152 gravi
871 2083 1121 2150 periculo
1153 2087 1450 2134 exemerat.
1520 2081 1731 2132 Multos
1814 2115 1822 2120 -

147 2163 444 2224 praetereo
469 2154 734 2216 medicos,
774 2153 1267 2220 celeberrimosque
1305 2167 1373 2204 ex
1402 2151 1471 2202 iis
1494 2151 1733 2211 Cassios,

150 2226 505 2294 Calpetanos,
532 2223 844 2284 Arruntios,
872 2223 1137 2284 Albutios,
1178 2221 1437 2272 Rubrios.
1505 2219 1735 2270 Ducena

151 2295 545 2363 quinquagena
583 2293 639 2344 H
656 2321 676 2331 -
693 2290 746 2344 S.
790 2307 970 2342 annua
1011 2291 1267 2344 mercede
1309 2290 1376 2340 iis
1410 2289 1565 2341 fuere
1590 2287 1735 2354 apud

150 2365 448 2434 principes.
521 2361 588 2422 Q.
598 2375 730 2413 vero
750 2359 1044 2412 Stertinius
1065 2359 1361 2424 imputavit
1382 2356 1737 2424 principibus,

153 2434 305 2502 qued
316 2431 454 2484 H-S.
477 2429 761 2498 quingenis
783 2430 978 2480 annuis
999 2434 1283 2480 contentus
1305 2434 1479 2481 esset:
1502 2440 1737 2479 sexcena

155 2503 306 2556 enim
345 2501 452 2554 sibi
493 2505 724 2568 quaestu
761 2499 914 2551 urbis
947 2497 1116 2548 fuisse
1138 2499 1436 2549 numeratis
1482 2495 1737 2548 domibus

159 2571 507 2626 ostendebat.
546 2569 656 2620 Par
677 2574 733 2620 et
754 2565 914 2618 fratri
935 2566 1053 2618 eius
1074 2580 1281 2618 merces
1301 2581 1336 2616 a
1356 2565 1583 2618 Claudio
1606 2565 1739 2618 Cae·

157 2658 284 2696 aare
298 2641 492 2694 infusa
511 2645 624 2690 est:
649 2651 964 2703 censusque,
986 2649 1291 2703 quanquam
1314 2633 1583 2697 exhausti,
1604 2650 1736 2701 ope·

161 2710 314 2766 ribus
335 2708 578 2778 Neapoli
601 2711 888 2770 exornata,
908 2703 1099 2758 heredi
1118 2703 1204 2756 H·
1218 2701 1270 2758 S.
1294 2705 1594 2759 trecenties
1617 2718 1739 2758 cen·
