2033 3044
201 165 885 219 NATURJUSTOR.
922 167 1083 219 LlB.
1114 167 1306 220 XXVl.
1330 165 1509 219 68-71.
1582 162 1685 219 109

103 269 240 336 pite:
273 269 516 332 aiz‘oum,
537 271 652 322 sive
671 271 879 331 sedum,
909 271 956 320 si
976 269 1279 321 involutum
1303 285 1481 336 panno
1504 270 1686 338 nigro,

103 341 418 408 ignorantis
446 340 674 407 pulvino
707 339 1054 390 subiiciatur:
1095 345 1151 390 et
1181 338 1528 400 oenotheras,
1572 343 1689 391 sive

105 409 308 470 onai-is,
359 409 695 460 hilaritatem
741 407 972 460 afferens
1009 407 1065 458 in
1108 409 1257 469 vino,
1296 407 1689 475 amygdalaceo

103 477 250 540 folio,
275 479 422 528 flore
443 491 624 540 roseo,
649 477 934 538 fruticosa,
958 478 1127 546 longa
1146 478 1352 538 radice,
1376 483 1430 528 et
1454 491 1575 528 cum
1594 480 1695 527 sic-

99 553 218 598 cata
238 555 354 608 est,
373 547 560 599 vinum
579 549 781 600 olente.
833 548 990 598 Haec
1007 549 1067 598 in
1086 553 1222 614 potu
1246 546 1379 598 data
1400 545 1546 598 feras
1568 560 1697 613 quo·

99 631 196 682 que
215 615 470 682 mitigat.

159 687 507 747 cruditates,
530 699 669 751 quae
688 699 946 736 nauseam
967 685 1195 749 faciunt,
1218 686 1423 754 digerit
1443 686 1697 738 Vettoni-

93 769 172 807 ca.
249 754 474 806 Eadem
514 761 650 819 pota
689 768 724 803 a
764 771 938 806 coena
979 757 1388 806 concoctionem
1432 754 1597 816 facit,
1637 754 1695 805 in

91 824 424 892 oxymelitis
447 823 662 890 cyathis
687 824 862 874 tribus
887 823 1180 876 drachmae
1200 824 1442 891 pondere
1462 842 1474 873 :
1496 829 1554 875 et
1578 839 1698 875 cra-

91 895 284 959 pulam
309 894 557 944 discutit.
630 894 766 943 ltem
805 894 1084 960 agaricum
1122 901 1249 960 post
1269 896 1447 946 cibum
1472 895 1529 944 in
1551 907 1695 960 aqua

93 964 278 1016 calida
305 969 516 1029 potum.
586 959 874 1029 Paralysin
899 961 1200 1014 Vettonica
1230 979 1427 1015 sanare
1450 964 1692 1014 dicitur:

92 1031 224 1084 item
255 1033 462 1093 iberis,
502 1037 565 1082 ut
599 1030 803 1082 dictum
839 1039 940 1083 est.
1011 1031 1225 1083 Eadem
1254 1040 1312 1084 et
1342 1033 1691 1099 torpentibus

93 1104 367 1154 membris
395 1100 659 1168 prodest:
697 1101 829 1152 item
855 1103 1191 1170 argemonia,
1232 1102 1414 1154 omnia
1434 1117 1573 1169 quae
1598 1115 1691 1168 pe-

95 1171 420 1224 riclitentur
437 1169 638 1230 secari,
661 1168 1024 1223 discutiendo.

157 1241 340 1294 Lxx.
377 1239 702 1291 comitiales
722 1247 916 1290 sanant
934 1241 1179 1307 panacis,
1204 1255 1367 1307 quam
1382 1241 1691 1294 Heraclion

100 1309 362 1372 diximus,
402 1307 622 1359 radices
653 1315 816 1374 potae
849 1326 968 1361 cum
1003 1309 1236 1377 coagulo
1270 1310 1432 1362 vituli
1464 1310 1689 1374 marini,

97 1379 182 1429 ita
197 1385 263 1430 ut
283 1380 396 1430 sint
420 1378 644 1444 panacis
671 1383 783 1427 tres
816 1385 1032 1445 partes:
1071 1381 1334 1446 plantago
1357 1387 1519 1447 pota:
1556 1382 1692 1434 Vct·

97 1447 320 1501 tonicae
338 1450 398 1500 in
423 1446 733 1514 oxymelite
755 1447 1043 1511 drachma,
1084 1449 1174 1502 vel
1202 1452 1484 1518 agaricum
1508 1450 1689 1502 obolis

99 1517 307 1570 tribus:
351 1517 495 1571 folia
517 1516 882 1584 quinquefolii
903 1534 971 1571 ex
992 1533 1153 1585 aqua.
1224 1518 1395 1572 Sanat
1416 1528 1472 1571 et
1494 1518 1687 1572 arche-

101 1590 288 1650 zostis,
311 1588 410 1640 sed
437 1602 582 1638 anno
603 1592 746 1653 pota.
823 1588 1000 1641 Sanat
1022 1594 1077 1639 et
1094 1587 1378 1640 baccharis
1398 1590 1559 1641 radix
1584 1588 1692 1640 ari-

103 1656 242 1709 (lain
263 1658 550 1726 pulverem
573 1656 826 1721 contrita,
839 1656 1057 1724 cyathis
1075 1658 1253 1707 tribus
1272 1674 1392 1707 cum
1416 1656 1694 1709 coriandri

107 1742 208 1778 uno
229 1730 288 1779 in
313 1742 463 1794 aqua
495 1725 694 1777 calida.
769 1728 842 1778 Et
876 1725 1237 1777 centunculus
1266 1726 1399 1776 trita
1429 1728 1487 1777 in
1512 1731 1692 1785 aceto,

107 1804 198 1847 aut
225 1798 415 1859 melle,
457 1802 554 1848 aut
589 1796 644 1845 in
693 1810 836 1864 aqua
875 1794 1086 1845 calida:
1132 1796 1437 1845 verbenaca
1470 1810 1540 1845 ex
1566 1794 1695 1843 vino

107 1874 259 1930 pota:
299 1865 533 1933 hyssopi
570 1866 772 1929 baccae
813 1871 1008 1917 ternae
1048 1862 1341 1925 contritae,
1383 1863 1519 1915 etin
1554 1876 1700 1929 aqua

107 1943 266 2000 potae
308 1935 508 1987 diebus
550 1934 822 1987 sedecim:
877 1934 1417 2000 peucedanum-cum
1460 1929 1698 1999 coagulo

108 2006 262 2057 vituli
279 2005 480 2056 marini
520 2005 710 2070 aequis
734 2004 1083 2071 portionibus
1106 2010 1322 2069 potum:
1366 1999 1696 2068 quinquefo-

108 2073 162 2124 lii
183 2075 428 2127 contrita
447 2072 588 2124 folia
609 2088 680 2125 ex
707 2076 836 2125 vino
861 2080 995 2139 pota
1020 2072 1210 2125 diebus
1235 2071 1434 2124 XXXI.
1511 2069 1702 2123 Vetto·

111 2144 252 2196 nicae
274 2144 463 2196 farina
483 2141 730 2208 pondere
748 2143 818 2195 X.
855 2142 947 2193 111.
991 2157 1113 2193 cum
1145 2142 1288 2193 aceti
1308 2140 1549 2192 scillitici
1573 2154 1699 2205 cya-

113 2212 226 2275 tho‚·
242 2213 428 2265 mellis
449 2213 617 2265 Attici
640 2213 822 2263 uncia:
862 2213 1259 2264 scammoniam
1283 2210 1461 2262 obolis
1484 2208 1698 2260 duobus

115 2296 222 2335 cuin
247 2282 494 2334 castorei
521 2278 794 2332 drachmis
818 2287 1069 2348 quatuor.

173 2352 374 2405 LXXI.
407 2350 616 2403 Febres
640 2350 870 2418 frigidas
887 2352 1126 2402 leviores
1146 2348 1281 2399 facit
1304 2350 1581 2417 agaricum
1603 2358 1700 2412 po·

118 2430 218 2473 tun
256 2423 318 2472 in
361 2418 548 2473 calida
589 2435 752 2487 aqua:
795 2420 1066 2472 tertianas
1108 2418 1347 2470 sideritis
1388 2431 1507 2468 cum
1542 2415 1697 2468 oleoae

117 2489 236 2543 item
278 2490 563 2551 ladanum,
609 2488 750 2556 quod
795 2489 854 2541 in
892 2488 1175 2556 segetibus
1206 2488 1465 2548 nascitur,
1510 2492 1697 2537 contu-

115 2573 247 2611 sum:
284 2560 554 2627 plantago
597 2574 667 2611 ex
709 2572 852 2625 aqua
887 2558 1084 2618 mulsa,
1126 2556 1335 2606 duabus
1370 2553 1523 2607 horis
1564 2562 1694 2607 ante

116 2632 480 2682 maionem
505 2633 640 2695 pota
665 2628 812 2679 binis
834 2625 1135 2679 drachmist
1171 2627 1262 2676 vel
1281 2640 1473 2677 succus
1492 2624 1693 2679 radicis

115 2697 458 2753 madefactae
489 2698 580 2752 vel
610 2704 796 2751 tusaex
831 2697 924 2752 vel
951 2697 1077 2764 ipsa
1111 2694 1270 2753 radix
1290 2696 1428 2748 trita
1456 2696 1513 2748 in
1550 2708 1697 2761 aqua
