2033 3044
501 494 578 565 C.
678 491 1052 567 PLINII
1150 490 1661 567 SECUNDI

289 656 1057 745 NATURALIS
1126 655 1881 742 HISTORIAE

657 836 714 900 L
757 836 788 898 1
828 836 882 900 B
926 838 984 901 E
1029 836 1087 900 R
1168 832 1505 919 XXIX.

289 1027 332 1079 l.
369 990 634 1078 Nauna
648 1026 1036 1089 remediorum,
1050 1032 1217 1093 atque
1234 1023 1533 1076 multitudo
1552 1024 1882 1076 instantium

293 1112 357 1148 ac
381 1101 820 1162 praeceptorum,
835 1096 996 1162 plura
1015 1095 1085 1147 de
1112 1097 1235 1162 ipsa
1254 1094 1507 1146 medendi
1528 1102 1653 1146 arte
1672 1101 1879 1161 cogunt

291 1165 477 1217 dicere
501 1182 514 1213 ι
555 1180 862 1233 quanquam
904 1179 1014 1216 non
1056 1169 1279 1233 ignarus
1318 1165 1454 1225 sim,
1496 1164 1709 1215 nullius
1754 1170 1879 1215 ante

289 1232 428 1285 haec
449 1232 652 1283 Latino
693 1248 945 1286 sermone
967 1235 1209 1296 condita,
1252 1248 1561 1299 ancepsque
1602 1234 1873 1285 lubricum

292 1317 416 1353 esse
435 1316 618 1353 rerum
641 1305 882 1354 omnium
901 1320 1187 1365 novarum,
1200 1304 1393 1355 talium
1413 1303 1630 1371 utique,
1642 1310 1758 1353 tam
1770 1310 1879 1353 ste-

287 1371 410 1423 rilis
455 1371 688 1435 gratiae,
730 1379 1031 1441 tantaeque
1073 1372 1415 1426 difficultatis
1454 1372 1511 1421 in
1554 1372 1879 1437 promendo.

291 1440 402 1493 Sed
443 1441 702 1505 quoniam
745 1456 1039 1495 occurrere
1079 1442 1383 1495 verisimile
1406 1449 1491 1493 est
1512 1444 1761 1494 omnium
1784 1442 1881 1509 qui

288 1508 426 1562 haec
451 1518 784 1578 cognoscant
805 1513 1155 1580 cogitationi,
1174 1528 1411 1580 quonam
1432 1512 1598 1564 modo
1623 1512 1881 1565 exoleve-

287 1580 404 1632 rint
423 1580 480 1630 in
504 1581 805 1634 medicinae
834 1598 956 1646 usu,
998 1598 1139 1649 quae
1160 1590 1271 1634 tam
1296 1589 1493 1648 parata
1512 1593 1685 1648 atque
1706 1585 1879 1650 perti·

289 1651 485 1702 nentia
509 1657 696 1702 erant:
721 1654 1029 1719 mirumque
1053 1660 1110 1706 et
1126 1651 1409 1719 indignum
1430 1653 1690 1718 protinus
1710 1653 1881 1716 subit,

287 1720 500 1774 nullam
521 1722 727 1772 artium
747 1723 1236 1774 inconstantiorem
1260 1720 1452 1783 fuisse,
1488 1730 1545 1773 et
1578 1723 1879 1774 etiamnum

291 1791 513 1858 saepius
549 1793 768 1853 mutari,
810 1808 930 1844 cum
953 1792 1029 1843 sit
1046 1791 1390 1843 fructuosior
1410 1791 1593 1842 nullaz
1636 1792 1745 1844 diis
1767 1793 1877 1858 pri-

291 1875 440 1912 mum
478 1861 795 1914 inventores
833 1877 962 1914 suos
1002 1861 1325 1927 assignavit,
1366 1867 1424 1912 et
1463 1861 1621 1912 caelo
1664 1861 1880 1913 dicavit.

290 1929 407 1982 Nec
445 1945 556 1981 non
595 1935 652 1982 et
673 1929 836 1982 hodie
857 1930 1217 1982 multifariam
1242 1932 1309 1982 ab
1336 1930 1582 1982 oraculis
1604 1931 1883 1982 medicina

291 1999 522 2066 petitur.
597 2000 764 2052 Auxit
791 1999 990 2052 deinde
1013 1999 1219 2051 famam
1242 2000 1410 2052 etiam
1434 2000 1693 2062 crimine,
1712 2002 1883 2052 ictum

293 2067 527 2120 fulmine
546 2068 930 2135 Aesculapium
953 2069 1223 2132 fabulata,
1243 2069 1504 2137 quoniam
1517 2070 1880 2136 Tyndareum

290 2139 666 2190 revocavisset
687 2139 756 2190 ad
778 2138 968 2189 vitam.
1040 2139 1159 2190 Nec
1178 2147 1361 2190 tamen
1380 2141 1622 2191 cessavit
1652 2154 1883 2193 narrare

292 2207 434 2262 alios
477 2207 742 2260 revixisse
786 2222 956 2272 opera
993 2224 1113 2270 sua,
1156 2209 1311 2260 clara
1333 2209 1596 2261 Troianis
1618 2210 1882 2280 temporiz

291 2278 412 2339 bus,
437 2279 634 2344 quibus
657 2278 805 2329 fama
825 2277 1049 2339 certior,
1068 2277 1363 2330 vulnerum
1385 2285 1568 2330 tamen
1588 2278 1885 2332 dumtaxat

291 2348 575 2400 remediis·

363 2417 433 2468 11.
475 2416 778 2485 Sequentia
797 2415 916 2468 eius
939 2414 1159 2479 (mirum
1186 2415 1358 2480 dictu)
1397 2419 1453 2467 in
1477 2423 1642 2468 nocte
1668 2417 1887 2470 densis-

295 2485 440 2537 sima
479 2489 696 2540 latuere
745 2501 918 2553 usque
958 2485 1029 2537 ad
1070 2487 1603 2551 Peloponnesiacum
1642 2487 1886 2539 bellum:

295 2559 433 2603 tunc
451 2571 573 2606 eam
593 2559 878 2610 revocavit
895 2557 951 2606 in
971 2557 1151 2608 lucem
1172 2556 1563 2622 Hippocrates,
1583 2557 1809 2624 genitus
1829 2557 1889 2608 in

297 2621 480 2671 insula
503 2625 634 2686 Coo,
669 2627 727 2674 in
747 2626 942 2690 primis
973 2625 1129 2676 clara
1150 2639 1216 2674 ac
1237 2625 1437 2688 valida,
1476 2632 1533 2678 et
1550 2625 1887 2692 Aesculapio

299 2689 498 2738 dicata.
569 2693 640 2754 Is,
654 2709 776 2743 cum
791 2693 986 2746 fuisset
1008 2709 1146 2757 mos,
1166 2693 1433 2748 liberatos
1454 2695 1661 2748 morbis
1680 2697 1889 2749 scribe·
