2033 3044
217 159 502 213 NATUR.
535 157 736 212 ffls'r
755 160 876 212 ΟΒ.
913 159 1077 214 LlB.
1100 160 1565 218 XXV111.54-57.
1607 160 1715 220 199

155 261 233 314 liri
253 280 384 332 opus
405 267 498 327 sit,
533 265 724 317 ursino
748 265 912 330 adipe
937 265 1127 316 fricari
1150 268 1432 317 convenite
1473 270 1714 320 cinerem

153 335 310 400 aprini
331 342 426 386 aut
448 335 603 386 suilli
633 336 750 386 fimi
779 335 1077 386 inveterati
1098 336 1319 402 aspergi
1349 335 1563 402 potioni
1584 338 1713 390 vini.

157 403 377 457 Afferunt
399 413 455 457 et
479 405 635 472 Magi
657 421 756 456 sua
785 411 1113 457 commenta.
1185 404 1427 455 Primum
1452 407 1717 470 omnium,

159 473 343 526 rabiem
369 477 672 538 nircorum,
695 476 746 525 si
767 473 1081 525 mulceatur
1095 475 1285 537 barba,
1308 475 1576 542 mitigari:
1624 491 1716 529 ea·

159 541 262 594 dem
279 546 547 610 praecisa,
561 561 669 594 non
693 546 846 596 abire
871 561 968 596 eos
988 547 1043 594 in
1060 544 1297 595 alienum
1312 560 1552 612 gregem.
1575 545 1723 599 Huic

159 612 438 666 admiscent
457 615 644 665 fimum
670 615 982 681 caprinum,
1030 621 1087 668 et
1110 614 1335 665 subdito
1363 614 1598 669 linteolo
1620 631 1720 666 un-

156 689 253 746 cto,
289 699 416 735 cava
437 699 627 747 manu,
669 691 928 750 quantum
955 685 1073 751 pati
1095 687 1285 752 possit,
1325 684 1543 736 fervens
1560 687 1722 737 susti-

153 767 272 805 nere
291 757 512 806 iubent:
552 756 635 804 ita
654 763 714 805 ut
737 755 786 805 si
809 755 968 806 laeva
989 770 1115 821 pars
1140 753 1356 816 doleat,
1396 752 1533 806 haec
1557 754 1726 806 medi-

155 823 332 874 cinain
353 826 554 877 dextra
597 839 759 875 manu
789 826 915 885 fiat,
953 831 1052 875 aut
1076 840 1106 876 e
1130 825 1427 876 contrario.
1502 824 1722 876 Fimum

155 907 348 961 quoque
387 895 458 946 ad
489 910 614 946 eum
653 909 810 944 usum
854 909 984 946 acus
1026 909 1223 946 aereae
1246 893 1466 961 punctis
1489 895 1623 946 tolli
1646 897 1726 945 iu-

154 961 284 1014 bent.
334 964 542 1016 Modus
567 965 875 1016 curationis
899 971 1000 1026 est,
1024 963 1199 1017 donec
1218 979 1391 1030 vapor
1414 963 1484 1014 ad
1505 965 1725 1016 lumbos

151 1036 444 1097 pervenisse
465 1035 758 1086 sentiatur.
829 1033 1033 1087 Postea
1051 1050 1182 1086 vero
1207 1049 1427 1085 manum
1452 1049 1619 1100 porro
1642 1040 1727 1086 tu-

149 1117 205 1152 so
223 1103 471 1166 illinunt,
512 1108 646 1156 item
668 1106 884 1156 lumbos
906 1106 1031 1173 ipso
1055 1105 1185 1155 fimo
1210 1121 1333 1156 cum
1355 1105 1553 1157 melle:
1597 1119 1723 1156 sua·

151 1171 374 1240 dentque
393 1177 452 1226 in
492 1175 688 1226 eodem
714 1175 908 1228 dolore
933 1183 989 1228 et
1010 1181 1181 1227 testes
1202 1175 1411 1242 leporis
1437 1176 1723 1228 devorare.

149 1240 456 1296 ischiadicis
479 1245 664 1295 fimum
687 1245 955 1296 bubulum
992 1246 1307 1312 imponunt,
1348 1245 1641 1297 calfactum
1665 1243 1725 1296 in

149 1309 290 1364 foliis
330 1315 516 1367 cinere
555 1312 810 1366 ferventi.
885 1317 946 1366 ln
967 1331 1272 1382 renumque
1296 1315 1491 1368 dolore
1513 1315 1724 1382 leporis

149 1395 294 1435 renes
315 1385 516 1436 crudos
537 1384 791 1436 devorari
821 1385 1047 1448 iubent,
1090 1395 1189 1438 aut
1210 1392 1360 1439 certe
1382 1393 1571 1438 coctos
1585 1423 1601 1449 ,
1642 1386 1727 1438 ita

149 1466 208 1504 ne
229 1453 388 1506 dente
411 1454 820 1522 contingantur.
881 1456 1108 1508 Ventris
1131 1457 1354 1524 quidem
1384 1457 1581 1509 dolore
1600 1463 1724 1509 ten·

147 1524 244 1574 tari
263 1530 468 1593 negant
492 1525 662 1575 talum
685 1526 890 1592 leporis
910 1526 1195 1578 habentes.

205 1594 368 1647 LVII.
402 1594 631 1647 Lienem
675 1596 834 1647 sedat
857 1594 936 1645 fel
965 1596 1091 1662 apri
1121 1596 1211 1647 vel
1248 1598 1364 1647 suis
1386 1602 1594 1664 potum,
1636 1596 1728 1648 vel

150 1665 336 1715 cervini
378 1679 579 1716 cornus
613 1665 754 1717 cinis
786 1666 844 1715 in
878 1672 1057 1717 aceto.
1129 1664 1521 1717 Efficacissime
1540 1672 1727 1719 tamen

147 1730 472 1787 inveteratus
495 1735 608 1787 lien
631 1735 806 1796 asini,
846 1734 930 1785 ita
950 1740 1014 1785 ut
1044 1735 1100 1783 in
1121 1733 1305 1783 triduo
1327 1736 1601 1785 sentiatur
1621 1737 1729 1786 uti-

149 1800 283 1857 litas.
327 1804 554 1859 Asinini
576 1805 716 1872 pulli
737 1806 943 1867 fimum,
967 1802 1115 1870 quod
1137 1802 1373 1868 primum
1395 1802 1589 1865 edidit,
1614 1808 1732 1870 (po-

151 1870 278 1927 leam
299 1880 508 1927 vocant
521 1872 674 1941 Syri)
696 1875 832 1925 dant
853 1874 911 1923 in
933 1878 1093 1925 aceto
1118 1872 1323 1922 mulso:
1351 1871 1515 1923 datur
1533 1880 1591 1923 et
1603 1872 1729 1939 equi

148 1939 319 2011 lingua
337 1946 656 1997 inveterata
678 1958 747 1996 ex
766 1946 917 2007 vino,
939 1948 1338 2009 praesentaneo
1361 1940 1729 1993 medicamen-

149 2016 216 2074 to,
251 2020 313 2065 ut
333 2013 602 2067 didicisse
642 2029 702 2065 se
733 2028 802 2067 ex
821 2014 1073 2065 barbaris
1097 2012 1366 2064 Caecilius
1388 2011 1532 2063 Bion
1558 2010 1731 2063 tradi-

148 2080 242 2134 dit:
263 2094 320 2137 et
342 2084 462 2135 lien
481 2084 720 2135 bubulus
741 2084 911 2135 simili
933 2083 1131 2135 modo:
1154 2098 1345 2137 recens
1368 2088 1553 2135 autem
1574 2097 1731 2133 assus

148 2152 228 2203 vel
243 2155 426 2206 elixus
448 2154 504 2204 in
529 2153 670 2205 cibo.
702 2156 762 2205 ln
783 2155 968 2207 vesica
988 2169 1206 2221 quoque
1226 2152 1383 2204 bovis
1407 2152 1527 2203 allii
1549 2150 1733 2219 capita

148 2217 240 2274 XX
259 2230 388 2277 tusa
403 2260 419 2286 ,
461 2238 587 2291 cum
612 2225 755 2275 aceti
777 2224 1021 2276 sextario
1035 2262 1051 2288 ,
1092 2226 1455 2291 imponuntur
1473 2222 1543 2273 ad
1565 2220 1730 2272 lienis

149 2287 378 2346 dolores.
453 2292 660 2345 Eadem
685 2309 754 2345 ex
775 2308 944 2345 causa
965 2297 1073 2346 emi
1096 2295 1295 2345 lienem
1320 2293 1504 2353 vituli,
1540 2290 1731 2356 quanti

147 2358 408 2415 indicatus
429 2365 506 2413 sit
521 2397 536 2424 ‚
575 2365 767 2415 iubent
789 2364 972 2429 Magi,
1018 2364 1170 2414 nulla
1188 2362 1355 2431 pretii
1380 2360 1697 2414 contatione
1713 2378 1729 2411 ε

148 2434 394 2495 quoniam
418 2432 528 2486 hoc
547 2448 764 2500 quoque
786 2432 1049 2499 religiose
1062 2434 1362 2499 pertineat:
1388 2432 1728 2498 divisumque

147 2512 238 2563 per
278 2500 685 2571 longitudinem
731 2504 956 2553 annecti
983 2502 1207 2554 tunicae
1238 2503 1519 2567 utrinque,
1553 2508 1609 2553 et
1645 2502 1727 2552 in-

151 2567 398 2625 duentem
429 2571 549 2637 pati
569 2572 826 2625 decidere
851 2571 920 2622 ad
963 2572 1159 2637 pedes:
1203 2570 1329 2622 dein
1354 2572 1645 2623 collectum
1667 2572 1729 2623 in

150 2642 332 2692 umbra
351 2641 652 2693 arefacere.
676 2644 810 2692 Cum
829 2640 936 2692 hoc
955 2641 1070 2703 fiat,
1084 2642 1246 2691 simul
1265 2641 1507 2695 residere
1528 2643 1729 2694 lienem

151 2712 298 2777 aegri
316 2711 598 2775 vitiatum,
631 2711 966 2779 liberarique
984 2712 1181 2764 morbo
1202 2708 1420 2767 dicitur.
1492 2710 1731 2765 Prodest
