2033 3044
194 155 518 212 NATUR.
542 154 884 207 HlSTOR.
921 153 1085 207 [ΑΒ.
1106 152 1328 208 XXVII.
1354 153 1598 209 110-115.
1637 146 1737 211 151

220 260 373 313 cxl.
416 257 815 311 Trichomanes
856 256 1088 309 adianto
1127 256 1324 308 similis
1365 266 1480 322 est,
1536 260 1740 313 exilius

157 330 344 390 niodo,
390 329 728 395 nigriusque,
770 328 925 380 foliis
947 327 1254 379 lenticulae
1279 327 1480 390 densis,
1523 332 1742 393 maris,

156 398 407 452 adversis
434 399 581 451 inter
602 414 677 449 se.
740 396 1048 449 Decoctum
1071 396 1194 448 eius
1217 398 1560 463 strangurias
1582 407 1744 451 sanat

161 472 217 519 in
234 470 375 519 vino
398 467 527 519 albo
548 473 757 532 potum,
786 465 982 525 addito*
1004 466 1222 517 cumino
1243 468 1468 517 mstico.
1536 467 1745 521 lllitum

158 537 391 591 cohibet
410 536 643 603 capillos
664 534 1005 589 defluentesz·
1031 542 1132 587 aut
1151 536 1198 585 si
1221 536 1554 598 effluxerint,
1593 552 1748 603 repa-

156 614 269 661 rat.
342 606 744 673 Alopeciasque
770 605 964 658 densat
978 607 1202 674 -tritum,
1226 607 1354 657 etin
1377 607 1500 657 oleo
1524 607 1744 657 illitum.

158 677 563 731 Sternumenta
585 690 800 742 quoque
818 682 1045 742 gustatu
1066 681 1269 731 movet.

228 748 401 799 cxli.
429 743 784 797 Thalitruum
808 745 947 797 solia
976 746 1254 796 coriandri
1278 743 1443 795 habet
1463 744 1752 811 pinguiora

158 816 353 883 nauh,
396 816 609 867 caulem
634 815 944 881 papaveris.
1019 814 1280 866 Nascitur
1295 816 1513 881 ubique,
1533 817 1748 880 praeci·

158 886 349 1005 [mohin
366 884 787 951 campestribus.
814 881 1110 935 Medentur
1130 881 1442 936 hulceribus
1464 883 1604 934 folia
1627 899 1749 936 cum

158 970 247 1007 me
300 968 347 1005 e.

228 1022 431 1075 Cxlll.
468 1021 699 1089 Thiaspi
724 1021 953 1076 duorum
976 1036 1236 1089 generum
1262 1028 1376 1074 est:
1399 1022 1648 1088 angustis
1669 1020 1753 1073 fo-

160 1094 253 1145 liis
277 1091 511 1159 digitali
531 1092 881 1157 longitudine
905 1098 961 1142 et
983 1092 1295 1153 latitudine,
1325 1092 1382 1141 in
1402 1098 1608 1143 terram
1629 1105 1749 1143 ver-

158 1164 261 1225 sis,
306 1162 367 1212 in
398 1162 683 1212 cacumine
704 1161 925 1223 divisis,
964 1157 1238 1211 cauliculo
1259 1162 1620 1227 semipedali,‘
1641 1174 1752 1212 non

160 1236 283 1283 sine
303 1232 507 1281 ramis:
539 1227 817 1294 peltarum,
834 1230 1033 1297 specie,
1055 1232 1267 1282 semine
1284 1232 1494 1284 incluso
1514 1231 1747 1282 lenticu-

160 1300 479 1366 lae·effigie,
504 1300 606 1349 nisi
626 1300 785 1367 quod.
798 1298 1134 1367 infringitur,
1165 1298 1311 1351 unde
1332 1314 1547 1354 nomen.
1619 1301 1752 1353 Flos

166 1371 397 1423 albicat.
431 1368 694 1421 Nascitur
712 1370 771 1419 in
788 1364 1003 1420 semitis
1023 1376 1080 1421 et
1097 1370 1332 1437 sepibus.
1358 1368 1554 1423 Semen
1569 1370 1753 1437 asperi

164 1446 376 1508 gustu,
398 1438 569 1489 bilem
594 1439 929 1506 etpituitam
950 1440 1205 1505 utrinque
1227 1439 1488 1492 extrahit.
1545 1440 1751 1491 Modus

164 1508 437 1570 sumendi,
460 1508 740 1561 acetabuli
762 1522 1036 1560 mensura.
1103 1507 1336 1562 Prodest
1359 1517 1414 1561 ct
1437 1506 1750 1562 ischiadicis

164 1579 441 1639 infusum,-
478 1577 655 1628 donec
672 1581 992 1646 sanguinem
1016 1576 1222 1629 trahat.
1293 1578 1511 1631 Menses
1532 1595 1750 1646 quoque

165 1651 289 1712 ciet,
326 1647 430 1700 sed
450 1654 643 1714 partus
664 1654 843 1700 necat.
896 1649 1164 1698 .Alterum
1187 1645 1410 1712 thlaspi,
1433 1651 1600 1715 aliqui
1623 1650 1752 1702 Per-

164 1721 338 1772 sicum
356 1731 509 1783 napy
530 1725 748 1780 vocant,
788 1717 918 1768 latis
941 1715 1110 1777 foliis,
1142 1715 1419 1766 radicibus
1441 1719 1669 1784 magnis,
1693 1725 1753 1770 et

162 1792 339 1855 ipsum
364 1787 509 1838 utile
528 1784 952 1839 ischiadicorum
976 1784 1262 1835 infusioni.
1332 1783 1568 1837 Prodest
1589 1793 1645 1838 et
1664 1787 1749 1837 in·

164 1859 425 1925 guinibus
446 1861 755 1922 utrumque.
827 1853 1191 1921 praecipitur,
1223 1859 1291 1904 ut
1309 1854 1402 1920 qui
1423 1854 1653 1922 colligit,
1675 1854 1753 1904 di-

164 1934 250 1979 cat
264 1939 493 1978 sumere
513 1940 572 1977 se
598 1932 791 1978 contra
814 1924 1059 1992 inguina,
1083 1930 1140 1974 et
1161 1929 1358 1975 contra
1377 1938 1566 1974 omnes
1587 1924 1752 1975 colle·

160 1997 397 2054 ctiones,
419 2000 477 2046 et
498 2000 697 2047 contra
715 1995 961 2055 vulnera,
988 2005 1392 2060 unaque-manu
1417 1993 1596 2044 tollat.

222 2063 426 2118 CXIV.
466 2061 761 2115 Trachinia
796 2062 965 2114 herba
1000 2063 1178 2130 qualis
1221 2063 1309 2125 sit,
1351 2078 1459 2113 non
1490 2062 1751 2118 traditur.

162 2135 338 2188 Credo
364 2139 427 2184 et
446 2132 647 2184 falsum
670 2149 792 2184 esse
812 2135 1137 2198 promissum
1165 2132 1488 2184 Democriti.
1524 2133 1752 2183 Porten-

160 2211 343 2257 tosum
370 2202 513 2254 enim
538 2208 623 2253 est
646 2202 1005 2269 adalligatam
1041 2201 1224 2252 triduo
1248 2203 1534 2253 absumere
1558 2202 1750 2252 lienes.

226 2273 405 2327 CXV.
438 2271 744 2338 Tragonis‚
786 2273 902 2323 sive
925 2272 1171 2337 tragion,
1212 2271 1459 2322 nascitur
1480 2271 1536 2322 in
1559 2273 1752 2322 Cretae

164 2349 383 2396 tantum
402 2340 621 2392 insulae
640 2339 954 2400 maritimis,
992 2339 1241 2406 iunipero
1265 2341 1478 2402 similis,
1517 2347 1574 2391 et
1595 2340 1752 2391 semi-

166 2427 254 2474 ne,
278 2417 338 2466 et
360 2410 519 2472 folin,
543 2416 603 2462 et
623 2410 811 2462 ramis.
872 2407 1078 2460 Succos
1101 2409 1217 2461 eius
1241 2411 1450 2462 lacteus
1469 2412 1522 2461 in
1543 2409 1751 2478 gummi

164 2481 461 2548 spissatus,
504 2479 595 2531 vel
614 2494 821 2540 semen,
858 2478 1451 2544 impositionespicula
1473 2494 1502 2530 e
1521 2494 1753 2546 corpore

168 2552 349 2604 eiicit:
375 2548 636 2600 tunditur
655 2564 867 2610 recens,
888 2553 947 2600 et
969 2563 1088 2598 cum
1112 2548 1240 2597 vino
1260 2547 1524 2610 illinitur,
1536 2556 1632 2602 aut
1647 2551 1752 2600 sic-

172 2617 479 2674 caesarina
512 2631 637 2672 cum
666 2618 847 2671 melle.
918 2615 1124 2668 Eadem
1163 2617 1327 2668 laetis
1359 2617 1753 2672 abundantiam

170 2685 335 2744 facita
356 2687 726 2755 mammisque
746 2686 905 2739 unice
920 2686 1188 2738 medetur.
