2033 3044
269 193 354 244 ·82
677 191 736 244 C.
791 189 1073 242 PLlNu
1132 187 1504 241 SECUNm

285 293 626 360 impunitum.
666 293 904 346 mobiles
939 291 1212 345 utralibet
1254 293 1485 344 decocta
1508 292 1561 343 in
1584 297 1751 346 aceto
1790 293 1884 346 fir·

285 371 518 415 mantur.
1066 389 1073 399 ·
1804 387 1809 394 -

357 431 546 484 cvm.
585 430 633 484 3.
673 431 915 484 Labrum
961 431 1270 482 venereum
1315 435 1518 480 vocant
1552 431 1612 480 in
1652 429 1884 484 flumine

285 510 622 554 nascentem.
696 502 796 551 Est
817 501 870 550 ei
890 500 1236 560 vermiculuS,
1272 501 1365 564 qu'i
1393 499 1542 550 circa
1566 499 1763 551 dentes
1786 519 1882 554 ne-

287 579 458 634 catur,
482 579 576 623 aut
600 574 745 623 cavis
767 569 1012 620 dentium
1039 584 1165 619 cera
1185 568 1508 621 includitur.
1544 571 1881 631 Cavendum,

287 660 353 695 ne
375 643 567 692 avulsa
587 639 756 691 herba
779 646 987 689 terram
1011 644 1224 704 tangat.

355 712 493 762 Glx.
532 709 583 760 4.
622 708 1000 760 Ranunculum
1030 723 1310 770 vocamus,
1353 724 1511 774 quem
1538 704 1742 760 Graeci
1784 710 1877 760 ba-

287 781 556 832 trachion.
630 778 848 830 Genera
893 778 1025 829 eius*
1048 780 1300 844 quatuor.
1378 777 1551 848 [inum
1578 779 1883 846 pinguiori·

285 853 405 915 bus,
427 866 584 917 quam
609 847 902 910 coriandri,
923 847 1094 914 foliis,
1120 854 1177 899 et
1197 847 1266 896 ad
1287 847 1639 899 latitudinem
1663 849 1883 900 malvae

287 921 693 982 accedentibus,
729 917 912 988 colore
929 917 1131 982 livido,
1164 917 1333 972 ,caule
1374 919 1521 988 albo,
1560 919 1779 984 gracili,
1826 927 1881 970 et

286 991 475 1042 radice
504 989 654 1056 alba..
717 987 982 1039 Nascitur
1018 990 1074 1038 in
1098 985 1367 1038 limitibus
1391 987 1641 1037 ‘humidis
1664 995 1723 1040 et
1744 1004 1877 1054 opa-

285 1061 380 1112 cis.
438 1057 995 1118 ·Alterumfoliosius‚
1038 1056 1287 1122 pluribus
1310 1057 1880 1120 folioi·umincisu1²iS‚

283 1131 416 1182 altis
441 1129 704 1181 caulibus.
777 1127 1027 1179 Tertium
1053 1127 1333 1178 minimum
1360 1134 1473 1190 est,
1510 1129 1665 1192 gravi
1690 1129 1883 1190 odore,

282 1199 420 1252 flore
444 1212 632 1258 aureo.
671 1199 940 1260 Quartum
962 1197 1145 1248 simile
1165 1195 1311 1260 huic,
1329 1196 1463 1248 flore
1487 1197 1658 1264 luteo.
1698 1197 1885 1249 Omni·

283 1271 384 1319 bus
407 1265 490 1317 ris
515 1267 778 1334 caustica,
801 1267 848 1317 si
874 1265 1046 1318 cruda
1068 1266 1208 1316 folia
1229 1269 1607 1332 imponantur:
1633 1266 1884 1332 pusulas.

283 1353 406 1405 que,
449 1343 508 1386 ut
531 1339 692 1402 ignis,
727 1335 961 1386 faciunt.
1035 1335 1165 1386 Ideo
1188 1335 1256 1386 ad
1283 1335 1466 1412 lepras
1496 1338 1553 1386 et
1572 1339 1771 1402 psoras
1802 1339 1883 1389 eis

281 1410 533 1468 utuntur,
555 1413 612 1458 et
633 1405 706 1456 ad
728 1404 980 1456 tollenda
998 1405 1291 1472 stigmata:
1316 1404 1684 1472 causticisque
1708 1411 1885 1460 omni-

283 1479 385 1543 bus
428 1473 675 1528 miscent.
750 1473 1027 1543 Alopeciis
1066 1475 1373 1543 imponunt,
1416 1475 1673 1529 celeriter
1696 1475 1882 1539 remo-

289 1552 502 1599 venteS.
575 1544 757 1597 Radix
797 1545 852 1595 in
898 1544 1094 1597 dolore
1134 1548 1594 1607 commanducata
1637 1546 1885 1611 diutina,

281 1616 490 1685 rumpit
515 1616 728 1667 dentes.
770 1614 978 1667 Eadem
999 1616 1146 1667 sicca
1170 1618 1413 1685 concisa,
1438 1624 1887 1673 sternumentum

283 1693 386 1740 est.
469 1686 664 1753 Nostri
709 1683 1292 1755 herbariljstrume‘am
1320 1690 1571 1750 rocam,
1616 1690 1885 1754 quoniam

280 1757 536 1809 medetur
558 1757 805 1819 strumis,
850 1762 906 1808 et
920 1756 1101 1822 panis,
1145 1753 1308 1823 parte
1329 1754 1387 1807 in
1410 1757 1562 1807 fumo
1585 1772 1883 1823 suspensa.

283 1827 635 1895 Creduntque
677 1842 744 1878 ea
772 1842 964 1877 rursus
1004 1826 1149 1888 sata,'
1186 1826 1460 1878 rebellare
1492 1843 1633 1893 quae
1657 1826 1886 1881 curare-

281 1899 393 1949 rint
415 1897 581 1948 vitia:
624 1913 731 1965 quo
755 1898 964 1957 scelere
988 1903 1044 1945 et
1070 1894 1395 1964 plantagine
1428 1898 1679 1947 utuntur..
1755 1898 1886 1949 Oris

282 1966 516 2020 hulcera
555 1968 704 2017 intus
739 1982 936 2017 succus
968 1966 1306 2033 plantaginis
1338 1965 1629 2028 emendat,
1670 1973 1729 2019 et
1750 1968 1889 2019 folia

283 2038 610 2105 radicesque
637 2035 1108 2098 commanducata,
1132 2032 1220 2087 v'el
1238 2032 1293 2099 ,εἰ
1309 2034 1709 2088 rheumatismo
1735 2040 1889 2091 labo·

283 2115 374 2161 ret
414 2123 494 2158 os.
537 2104 810 2157 'Hulcera
844 2105 1225 2177 foetoremque
1256 2106 1720 2177 quinquefoliumz
1768 2108 1888 2161 hul-

288 2178 414 2231 cera
433 2174 746 2245 psyllium(
809 2226 813 2231 ,
1030 2176 1035 2183 ’
1101 2230 1105 2235 ,
1216 2241 1220 2243 ,
1290 2230 1293 2235 ,
1364 2174 1369 2181 ’

359 2249 470 2300 CX.
511 2236 834 2314 Composita
856 2257 1075 2311 quoque
1098 2243 1167 2295 ad
1189 2244 1481 2305 foetorem,
1515 2247 1605 2298 vel
1642 2248 1891 2303 maxime

265 2316 600 2383 ,pudendum
630 2316 845 2377 vitium,
886 2315 1189 2365 trademus.
1262 2312 1595 2383 Ergo·‚‘folia
1622 2321 1806 2384 myrti
1832 2326 1891 2371 et

287 2387 509 2437 lentisci
531 2388 648 2453 pari
671 2384 1134 2453 pondere„gallae
1148 2382 1413 2451 Syriacae
1438 2384 1734 2455 dimidium
1758 2398 1891 2454 pen·

289 2456 618 2515 dum->simul
645 2460 842 2515 terere,
868 2454 1107 2505 etwino
1138 2462 1361 2507 vetuste
1392 2469 1589 2520 sparsa
1621 2458 1890 2510 mandere

289 2526 580 2586 matutino,
621 2540 688 2576 ex
731 2540 830 2576 usu
874 2532 978 2577 est.
1052 2523 1159 2575 Vel
1181 2523 1382 2577 ederae
1422 2525 1619 2576 baccas
1646 2542 1770 2578 cum
1796 2542 1889 2579 ca-

289 2593 376 2641 sia
405 2599 460 2641 et
484 2594 726 2658 myrrha,
767 2596 882 2661 pari
916 2594 1161 2661 pondere
1186 2608 1255 2645 ex
1286 2595 1436 2645 vino.
1510 2594 1754 2647 Naribus
1784 2599 1893 2648 uti·

291 2658 562 2710 lissimum
600 2662 692 2713 est
729 2664 1002 2715 dracontii
1042 2678 1228 2715 semen
1269 2665 1569 2716 contritum
1598 2680 1671 2716 ex
1706 2667 1893 2729 melle,

293 2728 520 2784 etiamsi
563 2734 938 2806 carcinomata
976 2733 1033 2783 in
1066 2731 1151 2784 his
1184 2734 1311 2786 sint.
1386 2732 1667 2801 saginata
1688 2735 1893 2805 hysso-
