2033 3044
171 189 469 244 NATUR.
499 193 838 246 HlsToR.
873 193 1302 248 LlB.xxv111.
1324 197 1520 252 64-68.
1590 199 1693 252 20⁷

117 293 230 344 vino
271 294 566 346 bibendum
607 301 736 347 ante
771 297 1119 348 accessiones
1144 307 1443 364 quartanae
1482 301 1690 356 dixere.

121 364 273 415 iidem
295 363 450 432 Magi
471 366 582 415 fimi
615 364 808 417 bubuli
840 366 1027 418 cinere
1065 382 1361 432 consperso
1396 384 1689 435 puerorum

123 434 262 484 urina
299 433 528 484 illinunt
567 433 774 502 digitos
819 435 1039 500 pedum,
1082 437 1443 506 manibusque
1478 439 1689 505 leporis

125 517 206 552 cor
227 501 548 570 adalligant.
621 505 928 570 Coagulum
965 512 1095 558 ante
1126 508 1471 558 accessiones
1504 511 1688 574 propi-

123 579 252 623 nant.
321 572 509 622 Datur
531 578 588 624 et
617 588 808 624 caseus
841 577 1097 640 caprinus
1128 591 1319 627 recens
1352 592 1475 628 cum
1510 578 1691 640 melle,

123 639 410 710 diligenter
440 657 568 693 sero
589 657 872 708 expresso.
1366 635 1371 654 ¹

181 743 400 796 LXVII.
437 742 854 796 melancholicis
886 747 1071 796 fimum
1110 747 1273 798 vituli
1296 751 1354 797 in
1374 747 1503 798 vino
1525 745 1691 798 deco-

123 819 248 864 ctum
267 813 520 866 remedio
544 824 645 866 est.
699 814 1067 882 Lethargicos
1088 817 1299 867 excitat
1322 817 1467 867 asini
1490 814 1691 880 lichen,

120 882 320 934 naribus
361 883 544 935 illitus
585 897 654 935 ex
694 890 882 935 aceto:
919 886 1135 949 caprini
1174 900 1373 936 cornus
1413 884 1575 936 nidor
1597 895 1694 939 aut

120 949 335 1015 pilorum
359 971 374 1004 ε
421 953 575 1004 iecur
594 954 867 1018 aprinum.
964 956 1160 1020 ltaque
1182 961 1239 1006 et
1261 954 1569 1006 veternosis
1593 957 1689 1007 da-

123 1025 212 1072 tur.
277 1020 582 1074 Phthisicis
615 1022 928 1084 medentur,
973 1026 1125 1074 iecur
1156 1025 1273 1091 lupi
1296 1039 1364 1075 ex
1386 1026 1532 1086 vino,
1572 1039 1687 1076 ma-

121 1102 227 1142 crae
247 1092 360 1142 suis
384 1091 623 1144 feminae
649 1091 834 1144 herbis
855 1099 1049 1159 pastae
1071 1093 1307 1155 lardum,
1357 1109 1553 1144 carnes
1576 1095 1688 1145 asi-

121 1157 262 1212 ninae
283 1175 352 1213 ex
374 1159 497 1212 iure
519 1171 750 1212 sumtae.
821 1162 949 1212 Hoc
969 1177 1171 1229 genere
1194 1163 1433 1214 maxime
1452 1162 1508 1212 in
1520 1162 1693 1214 Acha-

119 1227 166 1278 ia
184 1236 371 1282 curant
389 1229 455 1280 id
476 1231 698 1281 malum.
769 1229 919 1282 Fimi
941 1245 1157 1299 quoque
1178 1232 1341 1295 aridi,
1365 1231 1461 1284 sed
1484 1233 1687 1299 pabulo

121 1297 262 1349 viridi
281 1307 452 1366 pasto
471 1301 630 1360 bove,
665 1298 872 1350 fumum
896 1303 1163 1353 arundine
1183 1301 1439 1354 haustum
1464 1302 1689 1369 prodes-

124 1380 170 1417 se
186 1369 428 1420 tradunt.
485 1369 710 1419 ‘Bubuli
739 1383 953 1437 quoque
983 1387 1179 1422 cornus
1213 1387 1527 1424 mucronem
1552 1387 1685 1424 exu-

123 1441 258 1498 stum,
301 1438 538 1488 duorum
561 1437 929 1490 cochlearium
961 1455 1235 1504 mensura,
1274 1442 1463 1494 addito
1505 1443 1688 1505 melle,

122 1505 284 1569 pilulis
309 1507 612 1561 devoratis.
683 1509 896 1573 Caprae
935 1524 1066 1561 sevo
1104 1510 1161 1560 i'n
1185 1511 1339 1576 pulte
1372 1526 1442 1563 ex
1464 1511 1607 1563 alica
1629 1518 1688 1565 et

123 1573 336 1639 phthisin
361 1583 423 1631 et
444 1578 640 1629 tussim
662 1578 864 1639 sanari,
893 1578 982 1628 vel
1002 1580 1236 1641 recenti,
1278 1595 1398 1629 cum
1422 1580 1601 1631 mulso
1623 1580 1687 1630 li-

125 1646 368 1711 quefacto,
393 1648 483 1698 ita
500 1654 563 1697 ut
582 1648 747 1697 uncia
767 1647 826 1696 in
848 1644 1109 1712 cyathum
1134 1646 1387 1707 addatur,
1421 1653 1687 1715 rutaeque

123 1726 250 1768 ramo
270 1718 691 1783 permisceatur‚
702 1730 811 1765 non
833 1716 993 1781 pauci
1016 1715 1262 1765 tradunt.
1333 1716 1707 1783 Rupicaprae„

124 1787 223 1835 sevi
259 1785 468 1855 cyatho
483 1823 500 1850 ,
545 1793 603 1839 et
642 1784 808 1836 lactis
848 1786 965 1850 pari
1002 1798 1263 1835 mensura
1278 1819 1293 1845 ,
1338 1784 1683 1849 deploratum

124 1850 430 1917 phthisicum
455 1856 1006 1913 convaluisse‘certus
1030 1859 1225 1905 auctor
1246 1852 1498 1903 affirmat.
1548 1853 1687 1904 Sunt

127 1926 268 1990 etqui
290 1941 452 1977 suum
469 1926 582 1975 fimi
599 1926 836 1977 cinerem
859 1922 1133 1989 profuisse
1154 1924 1477 1989 scripserint
1499 1924 1551 1972 in
1567 1938 1687 1989 pas·

125 2006 195 2046 ⁵⁰:
229 2003 282 2046 et
300 1995 455 2049 cervi
476 1996 808 2060 pulmonem,
829 1994 1071 2046 maxime
1093 1992 1399 2053 sabulonis,
1422 1994 1685 2043 siccatum

123 2058 169 2111 in
183 2062 346 2128 fumo,
367 2068 676 2131 tritumque
694 2065 750 2113 in
772 2065 918 2115 vinc.

178 2166 419 2221 vam..
453 2166 798 2235 Hydropicis
820 2166 1126 2218 auxiliatur
1145 2164 1312 2217 urina⁴
1331 2164 1549 2215 vesicae
1566 2163 1691 2230 apri

127 2236 370 2297 paulatim
415 2236 548 2287 data
582 2239 638 2287 in
679 2239 865 2302 potus:
923 2236 1201 2287 efficacius
1239 2249 1381 2301 quae
1416 2233 1691 2285 inaruerit

127 2317 228 2355 cum
243 2308 432 2359 vesica
453 2320 568 2357 sua.
607 2304 753 2356 Fimi
773 2305 980 2357 taurini
1000 2306 1256 2367 maxime,
1277 2303 1375 2355 sed
1399 2308 1457 2354 et
1474 2303 1689 2364 bubuli,

127 2372 181 2423 de
197 2376 514 2429 armentivis
556 2374 755 2441 loquor
786 2374 1237 2441 <quod-bolbiton
1266 2375 1505 2434 vocant)
1550 2371 1689 2423 cinis

125 2442 472 2497 cochlearium
493 2445 663 2496 trium
684 2447 742 2494 in
763 2443 931 2495 mulsi
950 2440 1185 2504 hemina,
1196 2442 1353 2493 bovis
1373 2442 1611 2493 feminae
1629 2441 1689 2492 iu

125 2512 447 2576 mulieribus,
491 2521 548 2565 et
589 2528 658 2567 ex
699 2514 877 2565 altero
903 2527 1039 2563 sexu
1058 2512 1113 2562 in
1136 2512 1303 2572 viris,·
1327 2510 1471 2577 quod
1512 2512 1687 2562 veluti

125 2582 796 2645 mysteriummccultarunt
815 2581 991 2648 Magi.
1062 2580 1275 2631 Fimum
1296 2580 1457 2631 vituli
1480 2596 1688 2633 mascu-

125 2646 156 2697 li
175 2650 403 2704 illitum:
458 2652 571 2703 fimi
591 2652 808 2703 vitulini
831 2650 970 2703 cinis
992 2665 1113 2701 cum
1136 2649 1345 2701 semine
1365 2649 1687 2719 staphylini,

131 2730 288 2787 aequa
305 2722 558 2789 portione
581 2736 650 2775 ex
677 2721 837 2773 vino:
873 2719 1105 2789 sanguis
1136 2718 1393 2789 caprinus
1428 2734 1551 2773 cum
1572 2734 1685 2771 me-
