2033 3044
274 152 344 205 5⁶
669 151 729 203 C.
774 150 1051 205 PLINII
1098 149 1475 203 summm

269 256 342 305 lit
358 268 478 305 cum
499 254 742 319 squamis
761 254 909 307 aeris
929 260 988 309 ct
1005 253 1359 305 sandaracha.
1410 250 1863 319 Hydropieormn

267 324 448 377 ventri
464 324 769 391 imponitur
789 340 912 377 cum
935 322 1115 375 farina
1137 322 1447 375 hordeacea
1464 330 1523 373 et
1540 324 1689 376 vino.
1762 320 1864 377 Pe-

265 407 453 445 cornm
475 400 534 443 et
553 392 926 448 iumentorum
947 394 1177 458 pituitas
1198 400 1377 455 sanat,
1396 392 1621 447 surculo
1643 405 1743 456 per
1762 405 1863 443 au·

262 474 376 515 *em
418 462 672 525 traiecto,
705 470 764 515 et
802 468 1031 529 postero
1074 462 1163 513 die
1202 462 1399 513 uadem
1439 460 1581 515 bora
1620 466 1865 520 exemto.

265 529 520 585 Scabiem
545 532 962 615 quadrupedum
993 547 1115 583 cum
1138 530 1303 585 thure
1326 536 1424 585 aut
1444 544 1591 593 cera,
1632 545 1705 583 ac
1725 530 1869 596 pice,

263 602 350 653 vel
373 616 494 653 cum
517 602 812 669 pisselaeo.

329 670 534 725 xxm.
569 670 767 723 Album
809 668 1097 736 optimum,
1148 667 1299 735 quod
1340 668 1631 724 celerrime
1672 674 1873 719 movet

261 745 662 791 sternumenta:
698 738 796 789 sed
822 739 1058 791 multum
1080 738 1389 791 terribilius
1411 740 1605 807 nigro,
1649 737 1869 803 praeci·

263 822 370 874 pue
390 809 440 860 si
462 808 584 875 quis
611 816 942 873 apparatum
974 812 1301 874 poturorum
1326 808 1474 873 apud
1495 808 1762 873 antiquos
1782 806 1868 859 le-

262 884 378 945 gat,
397 883 593 933 contra
616 874 892 941 horrores,
912 875 1311 941 strangulatus,
1332 876 1763 943 intempestivas
1784 890 1871 927 so-

265 946 380 999 mni
399 946 570 1009 vires,
609 946 890 1015 singultus
923 944 1170 996 infinitos
1188 951 1286 997 aut
1306 952 1713 1007 sternumenta,
1755 950 1872 995 sto-

266 1014 448 1071 machi
481 1015 894 1077 dissolutiones,
937 1014 1211 1067 tardiores
1244 1018 1484 1067 ¹vomitus
1520 1022 1619 1067 aut
1647 1014 1875 1081 longio-

261 1100 370 1147 res,
410 1086 640 1153 exiguos
680 1092 776 1135 aut
816 1084 1033 1136 nimios.
1104 1083 1321 1149 Quippe
1360 1086 1475 1137 alia
1514 1084 1653 1135 dare
1692 1083 1874 1145 soliti,

263 1168 405 1222 quae
443 1155 784 1209 concitarent
825 1154 1179 1214 vomitiones,
1222 1154 1511 1221 ipsumque
1554 1154 1872 1205 elleborum

263 1219 620 1276 extraherent
638 1222 1077 1285 medicamentiS,
1118 1226 1218 1271 aut
1238 1224 1603 1289 clysteribus:
1642 1222 1872 1291 saepius

263 1293 429 1343 etiam
454 1291 722 1357 sanguine
743 1293 898 1344 venis
920 1291 1141 1342 emisso.
1210 1289 1325 1345 lam
1349 1308 1481 1345 vero
1508 1298 1569 1347 et
1588 1309 1715 1351 cum
1736 1306 1873 1360 pro-

262 1372 421 1427 spere
445 1358 621 1419 cedat,
663 1359 902 1411 terribili
925 1363 1065 1423 visu,
1105 1360 1275 1413 variis
1298 1363 1581 1422 coloribus
1604 1361 1873 1422 vomitio-

260 1442 409 1489 num,
459 1434 516 1479 et
536 1433 661 1494 post
682 1429 1019 1481 vomitiones
1044 1428 1435 1487 observatione
1460 1431 1593 1493 alvi,
1614 1431 1875 1491 balinea·

259 1510 380 1548 rum
404 1492 837 1562 dispensatione,
869 1498 1048 1550 totius
1070 1504 1323 1564 corporis
1346 1517 1502 1564 cura,
1538 1500 1879 1564 anteceden-

258 1573 316 1618 te
337 1567 525 1616 omnia
557 1565 694 1618 haec
713 1581 912 1634 magno
949 1572 1168 1622 terrore
1188 1570 1390 1630 famae.
1464 1571 1730 1639 Namque
1751 1579 1873 1626 tra-

258 1635 394 1689 dunt
416 1635 630 1688 absumi
650 1650 888 1697 carnem,
909 1635 958 1689 si
981 1644 1249 1701 coquatur
1271 1655 1398 1699 una.
1474 1639 1587 1694 Sed
1612 1642 1876 1708 antiquo-

259 1721 378 1757 rum
399 1705 592 1758 vitium
615 1711 755 1767 erat,
777 1705 921 1771 quod
943 1711 1169 1771 propter
1192 1705 1292 1760 hos
1314 1716 1499 1778 metus
1525 1711 1757 1776 parcius
1778 1711 1877 1762 da-

253 1777 417 1827 bant:
455 1789 576 1826 cum
615 1775 850 1828 celerius
890 1780 1161 1840 erumpat,
1205 1792 1312 1842 quo
1349 1779 1566 1848 largius
1610 1782 1876 1834 sumitur.

257 1843 558 1898 Themison
580 1845 738 1896 binas
759 1859 868 1893 non
890 1843 1128 1910 amplius
1150 1844 1445 1900 drachmas
1468 1841 1725 1901 datavit:
1785 1865 1874 1902 sc·

257 1920 486 1980 quentes
509 1918 881 1978 etquaternas
919 1912 1147 1973 dedere,
1188 1915 1343 1966 claro
1366 1917 1679 1983 Herophili
1714 1933 1879 1986 prae·

257 1984 418 2033 conio
437 2016 452 2041 ,
497 1982 592 2048 qui
634 1980 935 2033 elleborum
977 1981 1267 2036 fortissimi
1309 1987 1465 2039 ducis
1508 1986 1879 2040 similitudini

257 2052 548 2116 aequabat.
619 2049 923 2102 concitatis
945 2051 1089 2100 enim
1108 2050 1259 2104 intus
1284 2057 1561 2120 omnibus,
1603 2060 1793 2125 ipsum
1818 2059 1877 2108 in

255 2119 452 2184 primis
471 2119 644 2172 exire,
713 2117 1010 2172 Praeterea
1032 2120 1229 2172 mirum
1254 2125 1543 2176 inventum
1576 2135 1691 2192 est,
1722 2127 1879 2194 quod

253 2189 490 2239 incisum
515 2186 802 2246 forficulis,
842 2193 906 2240 ut
929 2187 1187 2252 diximus,
1235 2192 1519 2246 cribrant:
1560 2205 1769 2256 cortex
1792 2211 1881 2248 re·

255 2262 459 2316 manet,
501 2255 608 2312 boc
642 2256 921 2314 inaniuntz
958 2257 1201 2308 medulla
1222 2261 1390 2323 cadit,
1434 2260 1578 2315 haec
1599 2265 1665 2317 in
1698 2267 1883 2318 nimia

253 2325 588 2389 purgatione
611 2324 742 2382 data
761 2324 1095 2381 vomitiones
1114 2327 1281 2383 sistit.

298 2457 310 2470 .
325 2391 526 2446 XXIV.
549 2393 860 2447 cavendum
883 2399 969 2446 est
991 2393 1141 2444 felici
1163 2411 1381 2463 quoque
1402 2414 1555 2464 cura,
1574 2418 1653 2454 ne
1676 2404 1881 2460 nubilo

258 2458 349 2512 die
387 2457 572 2510 detur:
615 2463 814 2527 quippe
852 2463 1196 2526 impatibiles
1234 2467 1515 2520 cruciatus
1562 2472 1881 2526 exsistunt.

259 2523 400 2602 Nam
425 2533 636 2580 aestate
662 2530 857 2594 potius,
878 2545 1036 2595 quam
1060 2528 1239 2585 hieme
1264 2535 1527 2599 dandum,
1564 2555 1685 2594 non
1708 2549 1803 2594 est
1821 2543 1883 2599 in

260 2590 447 2644 dubm.
520 2595 726 2661 Corpus
763 2604 973 2662 septem
1015 2597 1211 2652 diebus
1234 2609 1365 2656 ante
1404 2611 1885 2673 praeparandum

260 2656 406 2714 cibis
439 2661 672 2722 acribus,
715 2666 1049 2724 abstinentia
1078 2669 1214 2732 vini,
1252 2679 1453 2739 quarto
1474 2681 1535 2732 et
1572 2680 1765 2734 tertio
1784 2679 1885 2737 die
1964 2729 1974 2740 .
