2033 3044
215 147 252 201 ⁴
659 146 720 199 C.
779 144 1053 197 PLlNll
1106 144 1478 199 sEcuan

216 248 450 309 fulvum,
493 246 643 303 intus
676 262 1023 313 porracoum‚
1066 264 1175 319 quo
1201 247 1343 301 nihil
1366 252 1453 301 est
1476 246 1844 319 glutinosius.

219 318 484 381 Emollit,
505 317 734 373 discutit
758 325 1026 382 tumores,
1050 319 1228 373 siccat
1248 324 1507 371 strumas.
1583 318 1722 371 Cum
1748 331 1845 371 re·

217 386 342 441 sina
375 394 432 440 et
467 402 596 441 cera
620 401 794 453 panos
814 387 1040 455 mitigat
1062 388 1241 438 omnis
1278 386 1515 453 generis.
1594 385 1844 451 Quidam

207 462 264 509 et
305 456 608 525 galbanum
652 456 943 517 adiiciunt,
985 457 1108 521 pari
1150 457 1395 523 pondere
1434 456 1833 521 singulorum:

209 541 388 597 eoque
420 526 588 585 modo
625 530 684 585 et
716 525 787 581 ad
821 526 1056 577 vulnera
1077 526 1355 577 utuntur.'
1404 524 1685 593 Unguium
1710 540 1836 579 sca·

205 595 406 649 britias
437 595 674 661 expolit,
719 595 769 647 si
798 596 1047 661 septenis
1074 594 1266 649 diebus
1296 594 1611 656 solvantur,
1658 594 1836 646 nitro·

209 678 316 729 que
341 666 673 719 colluantur.
746 663 984 724 Quidam
1009 664 1068 715 id
1103 664 1377 731 religione
1404 665 1687 717 efficacius
1712 664 1835 717 lieri

206 738 428 798 putant,
474 734 657 802 prima
677 732 840 785 Luna
871 733 1173 787 collectum
1208 748 1237 785 e
1268 734 1474 785 robore
1504 736 1626 785 sine
1660 732 1835 785 ferro.

204 801 261 851 Si
285 807 495 853 terram
521 818 628 853 non
653 803 866 870 attigit,
908 802 1289 857 comitialibus
1312 802 1545 854 mederi.
1624 804 1839 855 Conce-

207 877 364 936 ptum
389 872 715 929 feminarum
757 873 1048 933 adiuvare,
1088 873 1139 923 si
1182 872 1406 925 omnino
1450 886 1642 923 secum
1669 870 1840 923 habe-

203 947 319 993 ant.
392 941 642 997 Hulcera
662 941 1126 996 commanducato
1162 941 1537 1007 impositoque
1563 940 1843 993 efficacis-

208 1024 348 1063 sime
370 1026 598 1065 sanari.-

285 1078 404 1131 Vll.
443 1079 682 1135 Roboris
703 1077 910 1147 pilulae
935 1093 1006 1133 ex
1026 1078 1190 1151 adipe
1211 1080 1403 1135 ursino
1428 1078 1713 1145 alopecias
1740 1094 1840 1131 ca·

214 1146 350 1219 pillo
376 1150 613 1217 replent.
687 1148 841 1203 Cerri
863 1146 1021 1212 folia,
1044 1154 1101 1203 et
1122 1158 1337 1213 cortex,
1368 1155 1426 1201 et
1449 1148 1633 1215 glans,
1656 1148 1842 1201 siccat

208 1216 569 1270 collectiones
592 1218 1159 1287 suppurationesque:
1185 1217 1457 1271 fluxiones
1480 1216 1649 1271 sistit.
1686 1218 1839 1273 '1¹01’-

244 1293 404 1342 entes
425 1289 796 1340 membrorum
822 1293 1009 1353 partes
1036 1286 1366 1339 corroborat
1389 1285 1684 1339 decoctum
1710 1287 1839 1339 eius

205 1300 356 1407 {otuz
400 1356 490 1409 cui
511 1364 569 1409 et
595 1354 843 1411 insidere
867 1355 1116 1426 expedit,
1157 1355 1435 1407 siccandis
1460 1355 1836 1423 adstringen-

205 1423 363 1476 disve
403 1427 678 1493 partibus.
786 1424 967 1477 Radix
1004 1425 1146 1479 cerri
1190 1426 1527 1481 adversatur
1571 1426 1836 1495 scorpio·

204 1494 387 1546 nibus.

277 1561 427 1616 Vlll.
465 1564 693 1618 Suberis
716 1569 910 1618 cortex
933 1563 1121 1622 tritus,
1162 1576 1233 1614 ex
1257 1577 1401 1628 aqua
1422 1563 1615 1614 calida
1640 1571 1837 1630 potus,

204 1634 534 1700 sanguinem
559 1631 825 1690 fluentem
848 1645 916 1682 ex
948 1630 1217 1682 utralibet
1238 1634 1593 1697 parte-sistit.
1668 1633 1839 1688 Eius-

206 1699 330 1752 dem
359 1703 500 1754 cinis
523 1717 590 1754 ex
615 1702 744 1752 vino
779 1697 994 1760 calido,
1037 1701 1365 1772 sanguinem
1394 1705 1838 1758 exscreantihus

204 1786 544 1838 magnopere
580 1770 862 1822 laudatur.

271 1840 367 1894 lX.
409 1841 549 1924 Pagi
572 1839 714 1893 folia
744 1838 1151 1893 manducantur
1184 1838 1238 1888 in
1270 1839 1621 1906 gingivarum
1649 1841 1838 1896 labio·

207 1924 436 1977 rumque
457 1912 632 1962 vitiis,
731 1907 974 1959 Calculis
1004 1904 1225 1974 glandis
1259 1907 1521 1977 fagineae
1544 1910 1691 1964 einis
1716 1913 1839 1966 illi·

205 1977 379 2029 nitur:
419 1981 552 2032 item
577 1994 698 2030 cum
727 1976 892 2028 melle
915 1975 1205 2045 alopeciis.

273 2046 342 2096 X.
385 2047 648 2114 Cupressi
677 2047 818 2099 folia
846 2045 986 2096 trita
1015 2045 1361 2112 serpentium
1393 2046 1607 2099 ictibus
1646 2049 1839 2120 impo-

200 2122 436 2168 nuntur:
479 2124 536 2168 et
577 2115 745 2182 capiti
790 2130 916 2168 cum
958 2114 1205 2180 polenta,
1248 2115 1297 2166 si
1347 2130 1383 2166 a
1421 2114 1555 2169 Sole
1598 2117 1834 2172 doleat:

195 2184 330 2236 item
359 2187 584 2238 ramici:
625 2200 736 2251 qua
777 2183 845 2236 de
888 2198 1061 2236 causa
1102 2190 1160 2235 et
1200 2184 1485 2238 bibuntur.
1562 2187 1835 2242 'restium

200 2266 420 2320 quoque
444 2254 655 2308 tumori
676 2269 797 2308 cum
828 2267 956 2304 cera
977 2252 1289 2307 illinuntur.
1363 2253 1650 2320 Capillum
1676 2258 1840 2312 deni-

197 2329 364 2387 grant
385 2340 456 2374 ex
489 2330 670 2376 acetm
743 2322 954 2374 Eadem
990 2322 1124 2374 trita
1152 2337 1275 2372 cum
1310 2321 1529 2376 duabus
1564 2328 1839 2392 partibus

198 2390 361 2456 panis
387 2393 592 2454 mollis,
635 2399 693 2446 et
714 2406 746 2444 e
767 2393 898 2442 vino
921 2391 1201 2442 ammineo
1226 2391 1485 2454 subacta,
1528 2394 1743 2459 pedum
1767 2414 1837 2450 ae

200 2473 496 2516 nervorum
522 2462 748 2515 dolores
769 2461 986 2515 sedant.
1058 2458 1280 2512 Pilulae.
1302 2459 1572 2514 adversus
1596 2479 1837 2533 serpen-

201 2527 338 2578 tium
365 2530 507 2582 ictus
527 2531 820 2592 bibuntur,
863 2535 962 2580 aut
981 2529 1031 2578 si
1054 2528 1314 2580 eiiciatur
1336 2530 1601 2596 sanguis:
1645 2537 1831 2590 colle-

197 2597 474 2651 ctionihus
500 2600 809 2654 illinuntur.
886 2597 1099 2650 Ramici
1140 2611 1360 2663 quoque
1394 2605 1631 2652 tenerae
1660 2610 1835 2659 tusae

198 2679 321 2720 oum
350 2669 590 2738 axungia
612 2675 669 2721 et
701 2669 948 2722 lomento
987 2671 1233 2732 prosunt.
1306 2666 1593 2722 Bibuntur
1628 2687 1704 2726 ex
1729 2691 1831 2732 ea·
