2033 3044
257 135 572 189 NATUR.
597 136 948 189 HlSTOR.
989 137 1374 192 Linxxlv.
1398 138 1506 193 36-
1533 139 1621 195 38.
1694 142 1761 197 15

155 236 244 288 liis
261 236 320 289 in
341 238 476 289 vino
502 238 748 291 decoctis
774 238 954 289 foveri
976 255 1173 291 nervos
1194 242 1573 294 utilissimum.
1628 243 1763 296 Flos

151 305 313 357 tritus
337 323 462 358 eum
490 308 648 358 foliis
669 308 916 359 furfures
941 315 1142 376 purgat
1163 310 1219 360 in
1244 309 1407 362 faeie.
1452 312 1615 365 Folia
1638 328 1742 365 eon

152 375 284 427 trita
305 383 364 427 et
395 383 534 442 pota
566 378 1057 442 intemperantiam
1085 378 1337 428 libidinis
1370 387 1643 443 coercent,
1684 387 1761 433 at·

153 446 332 509 quein
357 452 539 495 totum
565 444 834 497 auferunt
856 461 1010 495 usum
1033 448 1259 512 saepius
1280 454 1481 497 sumta.
1554 451 1765 503 Ameri-

153 526 254 564 nae
275 517 474 581 nigrae
499 529 690 565 semen
721 530 844 565 cum
881 530 1075 585 spuma
1114 516 1335 583 argenti
1356 517 1480 582 pari
1502 517 1767 582 pondere,

154 582 406 633 abalneo
429 582 667 645 illitum,
697 581 1032 649 psilothrum
1059 591 1160 635 est.

217 650 530 705 xxxvlu.
573 652 700 703 Non
733 651 970 701 multum
1008 670 1042 703 a
1072 653 1241 705 salice
1271 653 1513 703 vitilium
1554 668 1659 704 usu
1688 655 1770 706 di-

153 724 262 769 stat
283 721 459 782 vitex,
485 720 759 771 foliorum
784 734 1000 786 quoque
1020 729 1267 787 aspectu,
1308 723 1418 772 nisi
1444 722 1615 787 odore
1634 738 1762 791 gra·

151 788 264 839 tior
287 796 453 841 esset.
494 788 701 840 Graeci
726 790 900 855 lygon
923 796 1135 852 vocant,
1158 790 1259 840 alii
1279 805 1482 857 agnon,
1506 793 1765 857 quoniam

153 863 440 909 niatronae
483 856 951 922 Thesmophoriis
993 857 1407 911 Atheniensium
1452 862 1765 913 castitatem

156 926 552 988 custodiente8‚
595 926 681 977 his
716 925 880 976 foliis
897 928 1119 977 cubitus
1152 927 1263 978 sibi
1292 934 1567 996 sternunt.
1638 930 1765 981 Duo

156 1008 353 1061 genera
374 996 516 1046 eius.
608 995 802 1056 Maior
822 997 878 1044 in
901 994 1156 1046 arborem
1180 995 1371 1047 salicis
1395 997 1563 1048 modo
1583 1012 1770 1049 assur-

155 1063 264 1129 git:
301 1064 496 1114 minor
514 1078 760 1125 ramosa,
795 1062 948 1114 foliis
969 1064 1385 1117 candidioribus
1407 1066 1768 1133 lanuginosis.

157 1130 335 1183 Prima
376 1133 568 1183 album
605 1133 800 1183 florem
836 1134 1010 1184 mittit
1039 1150 1161 1185 cum
1186 1150 1485 1202 purpureo,
1530 1148 1671 1201 quae
1710 1142 1771 1186 et

158 1200 394 1252 eandida
428 1205 708 1251 vocatur:
748 1203 926 1266 nigra,
969 1218 1111 1269 quae
1158 1210 1368 1255 tantum
1412 1218 1767 1271 purpureum.

155 1268 474 1320 Nascuntur
495 1270 551 1319 in
581 1269 921 1334 palustribus
956 1272 1181 1339 campiS.
1256 1274 1453 1324 Semen
1476 1281 1669 1339 potum
1690 1274 1769 1324 vi·

155 1338 210 1387 ni
228 1338 506 1406 quendam
530 1352 791 1403 saporem
819 1336 996 1401 habet,
1020 1348 1077 1391 et
1094 1341 1297 1392 dicitur
1318 1340 1503 1393 febres
1523 1342 1766 1393 solvere:

157 1414 210 1457 et
227 1422 348 1458 cum
373 1414 664 1472 unguntur
685 1408 812 1458 oleo
835 1408 1105 1471 admixto,
1148 1410 1406 1461 sudorem
1433 1410 1647 1472 ἣκει-ες
1687 1411 1769 1461 sic

157 1480 212 1527 et
227 1475 596 1529 lassitudines
617 1474 938 1529 dissolvere.
1013 1480 1236 1531 Urinam
1261 1480 1427 1542 cient,
1453 1486 1505 1531 et
1530 1490 1766 1532 menses.

157 1545 328 1611 Caput
360 1552 592 1598 tentant
617 1546 738 1596 vini
771 1545 960 1604 modo:
995 1563 1121 1599 nam
1156 1554 1214 1600 et
1252 1548 1395 1600 odor
1422 1550 1619 1600 similis
1662 1555 1767 1600 est.

157 1613 479 1667 inflationes
505 1615 725 1681 pellunt
745 1614 800 1664 in
824 1615 1108 1668 inferiora.
1180 1618 1375 1668 Alvum
1398 1620 1633 1668 sistunt:
1668 1616 1771 1684 hy·

157 1683 415 1750 dropicis,
443 1689 502 1734 et
523 1684 766 1735 lienibus
787 1698 1048 1750 perquam
1072 1684 1259 1736 utiles.
1331 1686 1526 1737 Laetis
1547 1688 1770 1738 uberta-

159 1757 264 1803 tem
283 1752 523 1806 faciunt.
594 1752 980 1804 Adversantur
1010 1755 1233 1803 venenis
1263 1755 1618 1818 serpentium,
1659 1766 1770 1802 ma-

157 1823 296 1874 xime
319 1837 466 1890 quae
487 1821 670 1888 frigus
699 1820 964 1872 inferunt.
1039 1823 1227 1871 Minor
1258 1819 1537 1871 efficacior
1559 1821 1630 1870 ad
1652 1833 1766 1870 ser-

157 1896 372 1954 pentes:
411 1891 626 1942 bibitur
659 1891 884 1941 seminis
915 1889 1182 1942 drachma
1213 1889 1272 1939 in
1300 1892 1430 1939 vino
1463 1889 1550 1940 vel
1586 1903 1754 1954 posca

159 1965 254 2008 aut
291 1960 507 2012 duabus
550 1957 817 2010 foliorum
849 1963 1291 2011 tenerrimorum.
1367 1959 1441 2009 Et
1478 1959 1768 2010 illinuntur

161 2033 391 2096 utraque
423 2029 694 2080 adversus
731 2042 1059 2080 araneorum
1082 2043 1330 2079 morsus:
1372 2029 1461 2078 vel
1484 2037 1766 2093 perunctis

162 2101 395 2161 tantum,
443 2097 633 2148 suffitu
657 2111 874 2164 quoque
894 2109 990 2148 aut
1010 2099 1293 2149 substratu
1322 2096 1517 2162 fugant
1534 2110 1767 2149 venena-

162 2171 231 2216 ta.
301 2167 382 2218 Ad
415 2168 693 2219 Venerem
727 2167 966 2231 impetus
997 2167 1275 2220 inhibent:
1317 2181 1493 2232 eoque
1524 2179 1763 2216 maxime

161 2233 472 2305 phalangiis
493 2235 882 2296 adversantur,
914 2251 1144 2302 quorum
1168 2249 1385 2287 morsus
1408 2235 1655 2302 genitale
1676 2249 1767 2286 ex-

163 2304 314 2356 citat.
405 2305 625 2370 Capitis
647 2302 896 2354 dolorem
921 2321 987 2356 ex
1012 2307 1285 2357 ebrietate
1307 2304 1510 2356 sedant
1534 2319 1653 2354 cum
1677 2319 1765 2354 ro-

164 2387 318 2426 saceo
363 2373 470 2425 flos
510 2373 801 2436 tenerique
835 2373 1116 2440 cauliculi.
1204 2373 1439 2424 Seminis
1480 2373 1768 2423 decoctum

163 2441 632 2494 vehementiorem
678 2441 876 2505 capitis
919 2443 1169 2492 dolorem
1222 2440 1479 2491 dissolvit
1522 2441 1669 2492 fotu:
1712 2447 1771 2492 et

164 2511 374 2562 vulvam
397 2513 572 2562 etiam
597 2512 783 2560 suffitu
805 2511 895 2562 vel
910 2513 1169 2576 appositu
1194 2517 1415 2576 purgat:
1440 2510 1620 2562 alvum
1645 2524 1767 2568 cum

168 2581 378 2648 pulegio
401 2585 461 2632 et
483 2579 654 2630 melle
677 2585 886 2642 potum.
968 2581 1010 2630 V
1015 2579 1221 2629 omicas
1247 2593 1525 2644 panosque
1548 2577 1770 2630 difficile

167 2655 598 2718 concoquentcs,
619 2661 740 2698 eum
764 2646 944 2712 farina
972 2644 1285 2700 hordeacea
1306 2647 1511 2699 mollit:
1574 2645 1771 2698 hiche-
