2033 3044
239 175 342 234 1oe
613 171 678 223 C.
711 166 989 222 PLan
1034 159 1407 218 SECUNDI

239 294 333 332 cos
352 277 424 332 du
433 291 515 338 os,
549 274 664 326 sive
684 279 820 334 tres,
868 270 1086 338 spargit
1106 271 1161 317 in
1184 273 1333 317 terra
1354 261 1641 324 rubentes,
1678 261 1843 314 foliis

235 355 422 402 rutaez
465 343 624 396 radix
665 355 885 407 caepae,
924 337 1023 390 sed
1064 336 1330 402 amplior:
1388 350 1561 402 quare
1611 333 1843 401 quidam

237 417 543 485 raphanum
566 415 875 465 silvestrem
895 414 1109 459 vocant.
1180 406 1333 456 Intus
1354 402 1521 456 habet
1540 417 1847 455 mammam

137 472 147 481 ⁹
245 485 560 540 candidam:
591 490 768 543 extra,
787 479 1022 531 cortices
1045 477 1251 543 nigros.
1322 473 1587 524 Nascitur
1605 476 1664 524 in
1685 487 1847 522 mon·

241 557 426 610 tuosis
447 555 677 620 asperis,
719 547 1019 616 aliquando
1054 553 1111 597 et
1142 549 1196 594 in
1217 542 1483 595 herbosis.
1556 541 1849 592 Effoditur

244 642 393 688 vere,
415 632 647 691 tusaque
669 624 722 672 in
743 619 900 686 fictili
926 617 1212 682 mergitur,
1235 613 1560 679 deiectoque
1582 611 1737 679 quod
1756 625 1848 660 su-

245 701 522 764 pernatat,
562 691 810 758 reliquus
829 701 1027 739 succus
1054 689 1255 752 purgat
1274 689 1507 747 utraque
1529 687 1713 746 parte,
1760 695 1849 730 se·

249 764 540 834 squiobolo
574 763 633 812 in
668 774 811 826 aqua
840 754 1039 808 mulsa.
1112 751 1203 804 Sic
1234 759 1293 804 et
1330 751 1655 818 hydropicis
1681 749 1853 800 datur

248 834 522 888 acetabuli
545 845 818 882 mensura.
890 823 1231 892 Inspergitur
1253 827 1309 873 et
1328 821 1519 872 aridae
1540 818 1749 871 radicis
1770 816 1853 867 fa·

246 906 374 958 rina
407 903 650 969 potioni:
691 900 953 964 aiuntque
987 894 1327 960 superiorem
1364 898 1575 956 partem
1610 888 1737 940 eius
1758 901 1852 938 vo-

253 975 487 1026 mitione
538 970 684 1023 biles
737 963 1047 1020 extraheret
1107 963 1427 1014 inferiorem
1450 996 1467 1022 ,
1504 973 1606 1026 per
1647 957 1850 1020 alvum,

251 1062 285 1098 a
323 1059 440 1096 uas.

289 1062 545 1167 qXLVII.
605 1107 874 1159 Tormina
915 1103 1143 1155 discutit
1186 1099 1550 1167 quodcunque
1587 1109 1853 1163 panaces,

252 1190 311 1238 et
348 1179 666 1240 Vettonica,
703 1181 1089 1242 praeterquam
1120 1185 1155 1220 a
1194 1168 1495 1221 cruditate:
1537 1165 1854 1232 peucedani

251 1266 449 1306 succus
465 1255 522 1300 et
539 1245 875 1306 inflationes,
919 1248 1109 1293 ructus
1128 1239 1387 1308 gignens:
1424 1238 1561 1288 item
1586 1237 1745 1287 acori
1764 1249 1857 1286 ra·

251 1321 366 1382 dix,
411 1319 730 1378 daucumve,
769 1314 820 1364 si
851 1313 1101 1364 lactucae
1126 1309 1291 1360 modo
1329 1311 1595 1358 sumatur.
1669 1304 1860 1356 Lada-

249 1405 379 1442 num
403 1386 668 1454 Cyprium
707 1389 897 1452 potum
940 1381 1355 1432 interaneorum
1381 1377 1536 1428 vitiis
1576 1375 1858 1428 occurrit-z

251 1461 386 1511 item
410 1457 724 1508 Gentianae
745 1453 948 1512 farina,
997 1465 1067 1502 ex
1090 1463 1233 1516 aqua
1252 1447 1439 1514 tepida
1458 1446 1623 1498 fabae
1645 1444 1863 1513 magni-

253 1529 467 1582 tudine.
539 1526 810 1591 Plantago
844 1536 1010 1573 mane
1050 1527 1233 1571 sumta
1266 1517 1477 1569 duabus
1513 1515 1759 1585 linguis,
1802 1521 1863 1567 et

253 1598 426 1652 tertia
445 1596 736 1663 papaveris
755 1593 811 1643 in
834 1592 948 1643 vini
987 1589 1208 1658 cyathis
1233 1596 1469 1656 quatuor
1489 1602 1601 1637 non
1626 1586 1863 1637 veteris.

252 1670 441 1721 Datur
464 1665 598 1719 etin
623 1678 872 1715 somnum
909 1662 1199 1721 euntibus,
1242 1658 1435 1709 addito
1467 1658 1616 1707 nitro
1647 1656 1741 1707 vel
1764 1670 1862 1723 po-

251 1740 431 1800 lenta,
471 1737 520 1788 si
541 1736 716 1787 multo
747 1740 876 1801 post
908 1733 1091 1784 cibum
1128 1730 1311 1782 detur.
1384 1728 1523 1781 Colo
1546 1726 1865 1778 infunditur

252 1810 478 1862 hemina
499 1806 670 1866 succi,
713 1804 803 1856 vel
826 1806 881 1853 in
905 1801 1071 1853 febri.

323 1876 573 1932 XLVIII.
626 1875 920 1943 Agaricum
963 1876 1155 1937 potum
1198 1868 1379 1919 obolis
1419 1868 1595 1919 tribus
1636 1865 1693 1917 in
1744 1864 1865 1915 v‘ini

255 1946 465 2001 veteris
489 1944 698 2015 cyatho
720 1959 849 2005 uno,
871 1940 1005 1993 lieni
1028 1938 1309 1991 medetur:
1356 1942 1412 1987 et
1434 1934 1661 2003 panacis
1684 1935 1867 1985 omni-

254 2036 346 2071 um
371 2031 632 2086 generum
679 2014 840 2065 radix
879 2012 935 2061 in
973 2008 1175 2061 mulso.
1244 2006 1353 2059 Sed
1374 2007 1616 2057 Teucria
1650 2005 1868 2071 praeci·

253 2104 381 2157 pue,
423 2095 560 2153 pota
581 2084 741 2135 arida
769 2089 828 2136 et
865 2080 1101 2132 decocta
1137 2084 1398 2145 quantum
1432 2090 1631 2127 manus
1654 2074 1866 2143 capiat,

253 2161 313 2210 in
337 2157 486 2209 aceti
508 2154 748 2206 heminis
781 2151 978 2204 tribus.
1050 2148 1133 2200 Ad
1162 2147 1362 2199 vulnus
1392 2146 1635 2198 illinitur
1666 2143 1867 2199 eadem

257 2244 382 2280 cum
407 2233 591 2278 acetoz
615 2228 713 2275 aut
734 2224 782 2274 si
795 2220 1027 2273 tolerari
1042 2234 1151 2270 non
1174 2218 1369 2285 possit,
1383 2232 1449 2269 ex
1473 2218 1579 2267 ficu
1599 2216 1693 2269 vel
1706 2232 1870 2283 aqua.

255 2296 588 2349 Polemonia
617 2294 828 2345 bibitur
859 2306 931 2343 ex
955 2289 1104 2341 vino.
1180 2286 1481 2340 Vettonica
1510 2286 1781 2338 drachma
1808 2287 1870 2336 in

260 2366 586 2433 oxymelitis
611 2362 832 2431 cyathis
870 2360 1069 2413 tribus.
1143 2356 1540 2419 Aristolochia‚
1580 2363 1648 2408 ut
1670 2365 1873 2409 contra

260 2442 564 2501 serpentes.
637 2431 976 2500 Argemonia
995 2434 1211 2495 septem
1236 2428 1431 2480 diebus
1454 2428 1508 2479 in
1532 2428 1660 2479 cibo
1684 2434 1877 2478 sumta

259 2504 464 2555 lienem
486 2517 810 2553 consumere
833 2501 1067 2552 dicitur:
1106 2497 1385 2566 agaricum
1417 2499 1474 2548 in
1496 2503 1656 2549 aceto
1684 2498 1873 2549 mulso

265 2569 450 2621 obolis
475 2569 707 2649 duobus.
778 2570 1139 2639 Nymphaeae
1176 2565 1457 2619 heracliae
1488 2567 1651 2618 radix
1682 2582 1713 2619 e
1736 2567 1873 2619 vino

263 2642 416 2707 pota,
427 2642 486 2686 et
498 2652 622 2701 ipsa
642 2640 929 2691 consumit.
952 2634 1381 2699 Cissanthemus,
1397 2636 1663 2688 drachma
1682 2637 1771 2689 bis
1786 2637 1881 2688 die

266 2705 529 2766 sumta‚in
547 2705 662 2761 vini
682 2709 798 2760 albi
820 2708 1039 2776 cyathis
1061 2706 1274 2759 duobus
1292 2722 1393 2775 per
1414 2704 1653 2759 diesXL
1671 2706 1877 2762 lienem
