2033 3044
299 150 402 204 224
631 149 689 199 C.
759 143 1029 198 PLlNu
1132 137 1491 196 sssanm

307 241 1895 380 {3132‘35032:335ffissssz13055353222mulsam:

307 387 576 442 stomachi
602 386 1033 448 inflammationi,
1064 397 1133 435 ex
1154 389 1314 435 aceto
1334 389 1395 433 et
1414 395 1664 434 rosaceo.
1736 381 1891 433 einis

315 459 432 512 eius
454 458 688 510 illinitur
725 455 953 517 attritis,
995 452 1315 513 vulneratis,
1360 450 1651 501 ambustis.
1720 451 1799 501 Et
1834 451 1895 500 in

314 529 599 582 oculorum
636 527 1039 578 medicamenta
1074 521 1323 571 additum
1380 519 1517 570 item
1562 521 1618 569 iu
1660 519 1896 580 fistulas,

313 612 582 665 auresque
623 599 968 662 suppuratus.
1036 590 1120 642 Ad
1144 588 1283 640 haec
1308 587 1596 639 detonsam
1616 588 1897 650 eam,·alii

316 667 580 728 evulsam,
620 664 818 716 decisis
841 661 1066 713 summis
1086 659 1339 725 partibus
1358 657 1586 719 siccant,
1634 665 1891 724 carpunt-

353 752 440 798 ue,
483 740 540 786 et
575 734 633 785 in
655 733 817 784 ficti-li
848 731 1016 782 crudo
1059 731 1407 794 componunt,
1446 740 1513 777 ac
1554 726 1729 778 melle
1766 741 1893 794 per-

341 804 572 864 undunt,
610 809 899 867 uruntque.
971 799 1081 850 Alii
1100 797 1299 850 assulis
1323 794 1491 847 tedae
1512 794 1801 857 subiectis,
1834 801 1893 846 et

317 873 550 926 subinde
570 872 930 932 interstratis,
949 868 1075 920 oleo
1096 880 1377 932 aspersam
1400 865 1733 926 accendunt,
1756 866 1896 916 cine·

316 958 542 1008 remque
567 942 623 992 in
644 941 860 994 labellis
881 953 1024 1005 aqua
1044 936 1239 988 addita
1276 933 1595 986 confricant
1623 949 1809 998 manu,
1843 939 1901 985 et

319 1011 604 1063 considere
625 1011 926 1077 patiuntur,
955 1007 1121 1072 idque
1144 1006 1365 1070 saepius
1384 1008 1666 1056 mutantes
1684 1018 1899 1070 aquam,

320 1081 496 1133 donee
505 1081 748 1148 linguam
763 1078 1073 1144 adstringat
1092 1075 1309 1136 leniter,
1328 1087 1427 1125 nec
1444 1073 1727 1125 mordeat.
1746 1075 1901 1125 Tunc
1991 1069 1992 1134 ξ

321 1150 556 1202 cinerem
589 1153 878 1216 reponunt.
951 1146 1055 1199 Vis
1090 1145 1209 1196 eius
1230 1145 1446 1210 septica
1466 1148 1571 1204 est,
1590 1142 1901 1196 efficacissi-

323 1233 512 1284 meque
531 1232 703 1284 genas
725 1220 943 1284 purgat.

389 1287 458 1336 X.
495 1287 642 1348 Quin
677 1287 834 1352 ipsae
875 1283 1071 1335 sordes
1103 1281 1394 1350 pecudum,
1435 1279 1727 1349 sudorque
1744 1280 1897 1334 femi-

321 1370 464 1416 num,
487 1360 543 1404 et
565 1354 795 1416 alarum,
817 1352 1179 1404 adhaerentes
1198 1351 1357 1412 lanis,
1366 1353 1665 1418 (oesypum
1686 1351 1899 1412 vocant)
1991 1397 1992 1408 ,

321 1426 634 1474 innumeros
657 1437 826 1490 prope
846 1437 979 1473 usus
998 1420 1220 1474 habent.
1291 1420 1353 1470 In
1369 1420 1574 1471 Atticis
1596 1422 1795 1472 ovibus
1812 1435 1899 1488 ge·
1991 1410 1992 1463 ἶ

322 1495 440 1545 nito
480 1491 681 1559 palma.
751 1491 846 1544 Fit
885 1491 1134 1559 pluribus
1173 1489 1387 1543 modis:
1432 1489 1534 1543 sed
1577 1488 1903 1557 probatissi-

323 1578 489 1625 mum,
525 1562 654 1615 lana
695 1564 763 1614 ab
798 1560 886 1613 his
926 1562 1175 1628 partibus
1211 1559 1420 1612 recenti
1438 1566 1777 1627 concerpta,
1812 1565 1901 1611 aut

323 1633 735 1702 quibuscunque
756 1634 1006 1684 sordibus
1026 1630 1263 1681 succidis
1283 1629 1521 1695 primum
1542 1629 1815 1691 collectis,
1842 1643 1901 1679 ac

324 1704 475 1755 lento
514 1702 630 1769 igni
670 1702 728 1754 in
749 1716 922 1753 aeneo
962 1698 1404 1760 subfervefactis,
1444 1705 1503 1750 et
1540 1698 1898 1767 refrigeratis,

325 1773 624 1841 pinguique
655 1772 799 1838 quod
833 1774 1167 1837 supernatet,
1204 1768 1441 1820 collecto
1475 1768 1533 1817 in
1558 1769 1723 1821 fictili
1762 1782 1896 1826 vase,

323 1844 640 1909 iterumque
662 1843 890 1893 decocta
909 1838 1085 1905 priori
1110 1838 1369 1889 materia:
1413 1851 1559 1902 quae
1578 1836 1897 1905 pinguitudo

326 1918 557 1977 utraque
587 1909 795 1979 frigida
833 1924 978 1975 aqua
1007 1909 1243 1967 lavatur,
1284 1912 1341 1957 et
1362 1906 1423 1955 in
1441 1905 1625 1958 linteo
1646 1912 1897 1964 saccatur,
1988 1930 1990 1939 ·

329 1996 394 2033 ac
415 1980 543 2033 Sole
575 1986 832 2041 torretur,
873 1979 1047 2029 donec
1070 1975 1307 2027 candida
1324 1976 1423 2026 fiat
1452 1990 1521 2027 ac
1538 1975 1897 2033 translucidn

333 2056 442 2103 tum
464 2050 521 2101 in
551 2056 780 2101 stannea
818 2045 1023 2115 pyxide
1062 2044 1335 2097 conditur.
1405 2042 1682 2098 Probatio
1714 2052 1902 2104 autem,

329 2126 392 2171 ut
411 2118 654 2171 sordium
679 2119 826 2169 virus
849 2118 1018 2178 oleat,
1038 2122 1096 2167 et
1114 2128 1279 2165 manu
1290 2113 1531 2165 fricante
1548 2130 1623 2165 ex
1644 2130 1791 2183 aqua
1806 2126 1901 2165 nos

330 2188 590 2257 liquetur,
631 2186 729 2238 sed
767 2187 1014 2239 albescat
1055 2190 1119 2234 ut
1154 2198 1391 2235 cerussa.
1463 2184 1659 2236 Oculis
1680 2183 1901 2237 utilissi-

333 2273 482 2311 mum
523 2263 714 2309 contra
751 2255 1240 2316 inflammationes,
1280 2266 1659 2321 genarumque
1698 2253 1905 2306 callum·

335 2326 574 2390 Quidam
595 2326 649 2377 in
674 2332 821 2377 testa
839 2330 1075 2384 torrent,
1096 2321 1269 2373 donee
1290 2322 1737 2389 pinguitudinem
1756 2320 1901 2375 anit·

335 2403 438 2460 tat,
479 2396 676 2451 utilius
714 2394 826 2445 tale
870 2394 1255 2445 existimantes
1276 2394 1453 2443 erosis
1486 2397 1543 2443 et
1564 2391 1721 2445 duris
1742 2390 1905 2460 gemit,

341 2464 554 2531 angulis
573 2463 834 2518 scabiosis
849 2469 907 2515 et
923 2460 1361 2513 lacrimantibus.
1394 2460 1645 2513 Huloera
1664 2476 1779 2513 non
1796 2472 1907 2513 ocu-

337 2532 518 2583 lorum
539 2532 706 2584 modo
725 2537 906 2593 sanat,
917 2532 1015 2582 sed
1038 2530 1152 2581 oris
1168 2529 1337 2581 etiam
1360 2534 1417 2582 et
1436 2530 1905 2595 genitalium,eun
1986 2546 1988 2573 1

342 2600 593 2652 anserino
633 2602 812 2667 adipe.
883 2601 1143 2652 Medetur
1168 2603 1225 2651 et
1246 2598 1437 2651 vulvae
1465 2596 1903 2653 inflammationi·

340 2665 470 2730 bus,
507 2673 564 2721 et
581 2669 730 2723 sedis
747 2668 1063 2739 rhagadiis,
1104 2673 1161 2721 et
1181 2667 1589 2738 condylomatis
1612 2684 1739 2723 cum
1766 2665 1903 2722 neii-
