2033 3044
277 129 345 181 34
685 128 740 176 C.
781 124 1045 179 PLINII
1104 124 1475 179 SECUNDI

281 230 648 295 Hippocrates
670 230 938 280 utralibet
959 228 1031 280 ad
1054 229 1415 280 collectiones
1436 244 1559 279 cum
1580 230 1751 281 melle
1774 232 1880 281 im-

280 298 483 365 posuit.
557 298 638 349 Ad
684 313 900 349 menses
941 296 1247 348 trahendos
1283 299 1508 349 seminis
1548 298 1639 349 vel
1676 300 1881 350 radicis

281 365 574 418 drachmae
619 366 761 419 duae
801 368 858 417 in
909 366 1025 416 vini
1064 366 1283 433 cyathis
1324 368 1539 418 duobus
1580 367 1881 418 sufficiunt.

283 436 488 489 Eadem
513 436 689 503 petie,
731 439 778 487 si
802 452 835 487 a
854 443 1014 502 partu
1040 451 1145 485 non
1168 443 1491 503 purgantur,
1520 441 1577 487 et
1601 436 1879 487 secundas

280 504 466 557 trahit.
527 508 891 571 Hippocrates
915 512 970 556 et
993 506 1233 556 radicem
1256 507 1428 571 ipsam
1456 506 1739 570 apposuit.
1779 504 1879 555 Di·

281 584 410 626 cunt
435 581 491 626 et
513 576 567 624 in
591 576 909 641 pestilentia
930 575 1232 625 salutarem
1258 589 1378 625 esse
1397 575 1455 624 in
1477 575 1633 625 cibis.
1673 574 1877 625 Ebrie-

281 651 449 696 tatem
476 646 719 695 discutit.
745 644 1039 709 Serpentes
1064 642 1274 704 nidore,
1300 658 1419 694 cum
1444 651 1745 704 crematur,
1769 646 1880 709 pri-

279 715 560 780 vatimque
583 714 804 779 aspidas
829 713 1004 778 fugat,
1051 718 1147 762 aut
1170 712 1426 773 inebriat,
1457 714 1540 763 ita
1562 718 1625 763 ut
1648 719 1877 778 torpen-

281 791 366 835 tes
389 784 758 834 inveniantur.
792 783 1096 833 perunctos
1122 796 1337 848 quoque
1360 796 1457 831 aro
1479 797 1509 833 e
1529 780 1730 833 laureo
1753 782 1879 833 oleo

281 853 520 921 fugiunt.
560 852 688 903 Ideo
715 857 770 902 et
791 858 986 903 contra
1009 850 1151 900 ictus
1176 851 1297 901 dari
1322 856 1456 915 potu
1480 851 1539 900 in
1562 852 1689 901 vino
1713 852 1879 919 nigro

281 927 480 989 putant
499 922 653 973 utile.
723 921 786 971 In
807 920 959 972 foliis
981 918 1069 971 ari
1087 935 1277 971 caseus
1301 919 1508 986 optime
1530 918 1749 971 servari
1769 926 1880 971 tra·

283 991 447 1043 ditur.

351 1077 541 1128 chl.
582 1075 983 1137 Dracunculus,
1026 1086 1187 1139 quem
1212 1071 1356 1132 dixi,
1394 1068 1608 1124 hordeo
1634 1078 1878 1125 mature·

277 1152 465 1197 scente
488 1144 770 1206 effoditur,
794 1144 952 1196 Luna
969 1145 1271 1194 crescente.
1319 1142 1556 1193 Omnino
1578 1138 1879 1193 habentem

281 1221 564 1280 serpentes
587 1213 826 1278 fugiunt.
900 1213 1034 1264 Ideo
1058 1210 1331 1278 percussis
1358 1211 1624 1275 prodesse
1646 1212 1705 1261 in
1739 1215 1878 1277 potu

280 1283 439 1333 aiunt
462 1283 756 1333 maiorem:
797 1290 862 1333 ut
891 1288 946 1334 et
969 1296 1214 1340 menses,
1257 1280 1302 1327 si
1324 1276 1471 1331 ferro
1494 1296 1599 1331 non
1630 1282 1881 1349 attinga-

279 1357 390 1414 tur,
413 1352 593 1401 sistat.
665 1350 870 1402 Succus
891 1352 1010 1403 eius
1032 1356 1091 1401 et
1120 1349 1335 1401 aurium
1362 1348 1542 1402 dolori
1568 1348 1825 1415 prodest.

353 1453 413 1503 Id
439 1459 642 1514 autem,
667 1453 812 1520 quod
835 1453 1041 1504 Graeci
1064 1452 1393 1503 dracontion
1410 1462 1631 1513 vocant,
1662 1452 1881 1519 triplici

283 1522 466 1590 effigie
489 1522 920 1574 demonstratum
942 1522 1074 1574 mihi
1098 1529 1211 1573 est:
1246 1520 1399 1572 foliis
1420 1521 1601 1583 betae,
1621 1537 1732 1573 non
1760 1525 1881 1574 sine

280 1593 496 1659 thyrs0,
518 1590 656 1643 flore
678 1606 971 1657 purpure0.
1029 1592 1155 1643 Hoc
1175 1597 1259 1642 est
1280 1591 1463 1641 simile
1481 1605 1599 1641 aro.
1657 1591 1769 1642 Alii
1792 1607 1886 1642 ra-

285 1661 408 1714 dice
428 1663 617 1727 longa,
665 1661 837 1712 veluti
879 1663 1098 1728 signata
1130 1660 1559 1726 articulosaque,
1607 1669 1883 1713 monstra-

279 1747 434 1783 vere:
480 1731 659 1782 tribus
690 1731 914 1783 omnino
949 1730 1267 1781 cauliculis:
1310 1729 1451 1780 folia
1480 1732 1599 1780 eius
1622 1743 1691 1780 ex
1715 1743 1883 1782 aceto

284 1802 516 1868 decoqui
561 1807 758 1852 contra
789 1800 1123 1866 serpentium
1154 1801 1298 1850 ictus
1329 1798 1607 1849 iubentes.
1679 1799 1887 1850 Tertia

283 1870 684 1922 demonstratio
706 1869 825 1930 fuit,
848 1869 985 1919 folio
1007 1867 1236 1927 maiore,
1260 1872 1423 1934 quain
1446 1866 1667 1929 cornus,
1686 1867 1886 1921 radice

283 1940 606 1998 arundinea,
632 1938 902 1999 totidem,
943 1943 1006 1988 ut
1028 1936 1393 1999 affirmabant,
1440 1937 1761 2002 geniculata
1780 1953 1885 1989 no-

281 2007 385 2070 dis,
428 2015 564 2074 quot
583 2007 813 2058 haberet
833 2021 1054 2067 annos,v
1076 2007 1312 2057 totidem
1342 2021 1463 2056 esse
1485 2005 1638 2058 folia.
1712 2007 1793 2058 Hi
1817 2023 1887 2060 ea

282 2093 350 2128 ex
372 2081 496 2127 vino
521 2077 607 2127 vel
627 2090 771 2142 aqua
793 2081 990 2126 contra
1013 2081 1299 2142 serpentes
1322 2075 1545 2128 dabant.

347 2158 540 2210 XCIV.
579 2161 681 2213 Est
703 2166 760 2212 et
781 2161 914 2223 aris,
957 2176 1099 2228 quae
1121 2161 1177 2211 in
1201 2160 1394 2212 eadem
1416 2164 1671 2228 Aegypto
1696 2166 1889 2216 nasci·

277 2235 396 2290 tur,
439 2227 638 2278 similis
662 2245 779 2292 ar0,
821 2231 1002 2281 minor
1023 2235 1240 2282 tantum
1264 2231 1677 2297 minoribusque
1701 2231 1886 2294 foliis,

281 2306 339 2348 et
363 2299 551 2363 utique
571 2297 790 2362 radice,
831 2315 970 2366 quae
1001 2305 1187 2350 tamen
1214 2300 1399 2350 olivae
1422 2299 1647 2366 grandis
1671 2305 1887 2369 magni-

280 2364 529 2417 tudinem
552 2367 778 2432 implet:
801 2369 931 2420 alba
953 2369 1233 2436 geminum
1260 2368 1488 2429 caulem,
1510 2368 1690 2419 altera
1712 2385 1885 2421 unum

283 2438 500 2482 tantum
525 2436 802 2488 emittens.
877 2437 1137 2489 Medetur
1169 2444 1403 2504 utraque
1425 2435 1744 2489 hulceribus
1766 2453 1885 2490 ma-

282 2499 569 2550 nantibus:
610 2504 743 2554 item
785 2507 1107 2565 combustis,
1150 2520 1216 2556 ac
1255 2505 1453 2555 fistulis
1495 2506 1738 2572 collyrio
1781 2507 1885 2558 im-

281 2567 469 2615 misso.
542 2569 748 2623 Nomas
791 2573 996 2622 sistunt
1036 2573 1265 2624 decocta
1306 2589 1493 2624 earum
1527 2574 1579 2623 in
1621 2590 1784 2640 aqua,
1828 2587 1884 2629 e:

283 2638 478 2700 postea
499 2637 756 2688 tritarum
781 2655 1009 2692 rosaceo
1033 2641 1235 2692 addite.
1320 2641 1427 2694 Sed
1454 2659 1619 2694 unum
1646 2645 1890 2697 miracu-
