2033 3044
288 167 357 222 ³6
683 167 739 216 C.
802 163 1076 216 PLmn
1135 161 1504 216 SECUNm

290 269 395 321 dit:
442 283 671 337 quarum
694 265 1032 320 mentionem
1055 268 1204 335 apud
1225 267 1368 320 alios
1390 279 1501 318 non
1525 265 1772 334 reperio.
1795 283 1900 321 nec
1977 271 1979 278 '

288 338 437 406 apud
460 354 583 390 eum
606 339 720 390 alia
742 338 813 389 de
832 335 936 388 bis.

356 409 413 460 C·
450 409 601 460 idem
642 406 913 476 minyada
951 406 1232 474 appellat,
1273 407 1496 458 nomine
1525 406 1642 458 alio
1675 408 1893 476 corysi-

284 477 457 542 diam,
500 483 656 530 cuius
676 479 911 532 decocto
936 477 997 528 in
1022 491 1169 544 aqua
1187 489 1352 528 succo
1367 511 1384 538 ,
1423 479 1682 544 protinus
1703 478 1896 530 sanari

282 550 425 600 ictus
446 552 808 616 serpentium,
847 548 897 599 si
918 546 1236 608 foveantur,
1255 545 1410 597 dicit.
1485 545 1744 598 Eundem
1761 546 1897 598 effu-

284 633 405 668 sum
430 619 486 669 in
511 618 682 681 herba
703 620 800 686 qui
818 618 1061 684 vestigio
1093 616 1452 684 contigerint,
1497 625 1596 667 aut
1629 615 1788 670 forte
1807 629 1895 669 re·

284 691 465 754 spersi
488 684 731 751 fuerint,
792 687 1094 742 insanabili
1133 688 1252 739 leto
1293 687 1508 754 perire,
1547 688 1901 739 monstrifica

282 771 515 825 prorsus
540 765 741 810 natura
764 757 985 819 veneni,
1029 762 1422 824 praeterquam
1441 763 1645 807 contra
1659 771 1897 810 venena.

354 828 441 878 cl.
470 827 561 880 'Ab
582 828 777 880 eodem
800 826 1131 894 Pythagora
1163 827 1396 892 aproxis
1420 825 1744 894 appellatur
1767 827 1896 878 her·

282 897 371 958 ba,
416 897 573 948 cuius
594 897 757 950 radix
784 913 815 950 e
842 897 1154 964 longinquo
1181 897 1462 964 concipiat
1485 897 1672 964 ignes,
1715 904 1786 947 ut
1809 911 1900 947 na-

281 965 471 1034 phtha,
496 967 567 1019 de
586 968 775 1034 quain
802 975 989 1018 terrae
1014 966 1300 1018 miraculis
1321 966 1577 1018 diximus.
1603 965 1758 1018 idem
1777 975 1895 1018 tra-

284 1036 397 1087 dit:
444 1037 493 1088 si
517 1038 611 1104 qui
632 1037 811 1089 morbi
836 1035 1082 1089 humano
1105 1036 1332 1102 corpori
1362 1035 1672 1087 acciderint
1693 1035 1900 1089 floren—

282 1111 341 1158 te
361 1110 576 1172 aproni,
596 1108 850 1174 quamvis
866 1115 1096 1159 sanatos
1110 1105 1542 1159 admonitionem
1557 1119 1752 1158 eorum
1773 1123 1898 1159 sen-

280 1177 409 1238 tire,
450 1178 669 1244 quoties
700 1177 902 1229 florere
928 1191 1051 1229 eam
1075 1176 1404 1242 contigerit:
1445 1180 1502 1227 et
1523 1175 1896 1238 frumentum,

281 1251 341 1298 et
360 1249 599 1296 cicutam
616 1281 633 1308 ,
674 1253 733 1298 et
756 1247 961 1298 violam
998 1246 1238 1298 similem
1267 1245 1641 1296 conditionem
1665 1244 1896 1300 habere.

280 1314 399 1368 Nec
422 1329 511 1367 me
534 1314 698 1377 fauit,
718 1315 825 1366 hoc
846 1317 1106 1368 volumen
1129 1316 1250 1367 eius
1271 1329 1308 1366 a
1332 1313 1658 1382 quibusdam
1681 1316 1898 1368 Cleem-

282 1399 423 1452 poro
444 1384 659 1436 medico
679 1384 942 1440 adscribi:
970 1385 1332 1454 Pythagorae
1356 1386 1614 1452 pertinax
1637 1385 1793 1438 fama
1804 1401 1874 1438 an

281 1456 625 1522 tiquitasque
645 1453 949 1507 vindicant.
987 1457 1061 1506 Et
1083 1454 1142 1506 id
1167 1455 1344 1521 ipsum
1368 1455 1770 1506 auctoritatem
1795 1471 1895 1508 vo·

278 1524 584 1576 limninibus
608 1525 799 1587 affert,
842 1528 888 1576 si
914 1526 1038 1593 quis
1059 1526 1204 1577 alius
1228 1540 1394 1577 curae
1419 1540 1554 1589 suae
1576 1538 1748 1591 opus,
1789 1526 1896 1577 illo

279 1598 403 1645 viro
442 1594 666 1661 dignum
704 1594 1011 1646 iudicavit:
1057 1596 1203 1661 quod
1241 1596 1443 1647 fecisse
1479 1595 1898 1663 Cleemporum,

280 1678 402 1715 cum
425 1665 539 1715 alia
558 1680 661 1715 suo
684 1671 745 1717 et
763 1665 989 1716 nomine
1010 1664 1222 1727 ederet,
1245 1665 1367 1734 quis
1390 1664 1616 1717 credat!

348 1736 463 1789 cn.
502 1734 816 1787 Democriti
836 1742 991 1788 certe
1012 1732 1357 1787 chirocmeta
1381 1750 1506 1787 esse
1528 1741 1771 1787 constat.
1830 1736 1902 1789 At

280 1807 339 1858 in
378 1804 466 1856 his
499 1804 599 1857 ille
636 1812 763 1873 post
794 1802 1175 1875 Pythagoram
1212 1804 1506 1873 Magorum
1542 1804 1899 1859 studiosissi-

281 1890 422 1937 mus,
448 1882 657 1943 quanto
682 1878 1102 1942 portentosiora
1125 1872 1332 1926 traditi
1366 1871 1742 1942 Aglaophotin
1769 1874 1900 1927 her-

280 1944 437 2007 bam,
482 1959 625 2011 quae
650 1946 1028 1999 admiratione
1051 1943 1339 1998 hominum
1375 1950 1609 2011 propter
1631 1946 1899 1997 eximium

283 2014 531 2067 colorem
577 2017 860 2082 acceperit
894 2030 1114 2078 nomen,
1155 2015 1210 2065 in
1250 2016 1623 2066 marmoribus
1651 2018 1901 2068 Arabiae

278 2090 595 2136 nascentem
620 2082 845 2137 Persico
872 2084 1067 2138 latere.
1141 2088 1265 2151 Qua
1286 2084 1355 2135 de
1381 2100 1547 2136 causa
1571 2096 1626 2135 et
1650 2098 1898 2137 marma·

282 2154 416 2204 ritin
440 2156 648 2207 vocari.
722 2154 922 2223 Magos
944 2154 1142 2223 utique
1163 2170 1232 2207 ea
1255 2156 1356 2215 uti,
1397 2170 1517 2205 cum
1543 2152 1716 2207 velint
1757 2154 1898 2208 deos

278 2238 534 2277 evocare.
610 2223 1048 2287 Achaemenida,
1090 2224 1283 2277 colore
1327 2222 1522 2275 electri
1565 2224 1688 2277 sine
1729 2224 1898 2289 folin,

277 2296 430 2345 nasci
454 2294 512 2345 in
532 2294 853 2347 Tardistilis
878 2294 1095 2347 indiae:
1140 2296 1298 2345 cuius
1320 2294 1510 2345 radice
1553 2296 1608 2345 in
1633 2295 1898 2361 pastillos

279 2362 528 2429 digesta,
570 2364 625 2413 in
648 2362 849 2432 dieque
874 2374 1009 2431 pota
1031 2368 1084 2415 in
1105 2365 1266 2427 vino,
1311 2362 1465 2415 noxii
1488 2380 1587 2431 per
1609 2364 1896 2421 cruciatus

279 2437 445 2483 nocte
468 2434 843 2487 confiteantur
866 2436 1074 2496 omnia,
1106 2446 1210 2501 per
1234 2434 1420 2487 varias
1446 2436 1730 2489 numinum
1756 2436 1898 2491 ima-

279 2498 617 2583 ginationes.
690 2503 938 2557 Eandem
960 2502 1397 2573 hippophobada
1419 2504 1670 2573 appellat
1696 2545 1712 2571 ,
1759 2523 1894 2575 quo·

277 2582 441 2689 {¹1¹3}
450 2573 1891 2711 23¹.33ffi2‘333222'33235²¹5amiss⁶ssz¹azffs¹zff

278 2706 484 2770 milem‚
508 2705 681 2763 odore
703 2710 929 2765 eximio.
984 2712 1152 2765 Hanc
1175 2719 1362 2766 autem
1387 2728 1422 2764 a
1440 2712 1666 2781 regibus
1688 2714 1886 2768 Persa-
