2033 3044
222 154 292 207 68
621 152 679 203 C.
716 150 991 205 PL1N11
1028 149 1398 211 SECUNDI

227 254 614 321 cumscriptam
637 254 786 305 ferro
808 254 979 307 effodi
998 256 1226 307 sinistra
1248 270 1431 318 manu,
1474 260 1531 306 et
1551 255 1607 305 in
1628 255 1807 307 subli-

229 340 314 375 me
336 322 475 374 tolli.
549 322 758 376 Siccari
781 324 836 373 in
859 324 1055 376 umbra
1074 326 1371 391 separatim
1392 322 1547 386 folia,
1573 324 1807 387 caulem,

227 393 489 445 radicem.
560 394 850 460 Aiuntque,
895 394 945 446 si
977 408 1122 459 aqua
1152 404 1445 463 spargatur
1484 392 1809 456 triclinium,

223 477 332 529 qua
370 462 661 525 maduerit,
702 463 965 514 laetiores
999 463 1279 515 convictus
1318 463 1457 515 fieri.
1490 496 1495 501 ·
1527 462 1803 515 Adversus

223 532 838 599 serpentesconteritur
859 546 926 583 ex
946 530 1093 582 vino.

293 601 412 653 LX.
447 600 496 653 5.
533 602 637 653 Est
676 602 873 652 similis
914 600 1178 653 verbasco
1218 600 1407 663 herba,
1450 615 1591 668 quae
1630 614 1803 668 saepe

225 670 376 721 fauit
397 686 492 737 pro
519 688 584 722 ea
607 677 785 736 capta,
817 670 967 721 foliis
991 670 1168 721 minus
1190 670 1458 733 candidis,
1503 670 1806 723 cauliculis

224 739 490 807 pluribus,
519 739 656 792 flore
679 740 845 791 luteo.
882 740 1038 792 Haec
1058 740 1275 793 abiecta
1292 740 1499 790 blattas
1522 740 1578 790 in
1599 756 1660 792 se
1681 756 1809 791 con-

225 808 416 870 trahit,
437 809 674 876 ideoque
699 811 902 861 Romae
926 810 1192 860 blattaria
1212 817 1454 860 vocatur.

292 878 435 931 Lxl.
475 878 521 929 6.
564 878 888 931 Lemonium
931 894 1151 931 succum
1187 880 1423 930 lacteum
1449 878 1637 939 mittit,
1677 894 1809 929 con·

225 955 561 999 crescentem
583 948 788 1015 gummi
812 947 993 1011 modo,
1012 946 1252 999 humidis
1273 948 1429 999 locis.
1507 948 1689 999 Datur
1713 947 1813 999 de·

221 1018 366 1069 narii
391 1018 598 1083 pondus
619 1021 673 1069 in
697 1018 842 1069 vino.
1483 1045 1495 1060 ι

292 1086 460 1139 LXll.
499 1090 547 1138 7.
587 1085 1035 1154 quinquefolium
1079 1084 1218 1136 nulli
1258 1086 1511 1155 ign-otum
1534 1091 1635 1147 est,
1680 1100 1807 1137 cum

220 1156 390 1209 etiam
409 1154 573 1223 fraga
592 1155 865 1224 gignendo
891 1154 1302 1207 commendetur
1323 1172 1335 1204 =
1380 1154 1580 1207 Graeci
1603 1160 1813 1207 vocant

219 1232 558 1291 pentapetes,
593 1226 710 1276 sive
749 1222 1164 1291 pentaphyllon.
1236 1226 1367 1295 Cum
1392 1222 1671 1285 effoditur,
1710 1240 1805 1275 ru·

219 1296 372 1347 bram
396 1292 561 1345 habet
583 1294 841 1345 radicem.
913 1294 1070 1345 Haec
1092 1294 1427 1356 inarescens,
1452 1294 1724 1361 nigrescit
1747 1301 1811 1345 et

220 1362 491 1430 angulosa
510 1365 590 1413 fit.
662 1362 872 1414 Nomen
893 1378 927 1413 a
948 1378 1173 1415 numero
1198 1363 1457 1417 foliorum
1481 1358 1666 1415 habet.
1728 1364 1807 1415 Et

219 1437 338 1499 ipsa
360 1430 529 1483 herba
550 1432 742 1498 incipit
762 1441 818 1483 et
841 1432 1191 1495 desinitcum
1214 1432 1343 1485 vite.
1414 1432 1724 1485 Adhibetur
1745 1440 1809 1485 et

221 1501 520 1570 purgandis
541 1502 814 1553 domibus.

285 1571 484 1624 anl.
521 1571 570 1622 8.
607 1571 882 1624 Adversus
925 1578 1211 1638 serpentes
1243 1573 1451 1624 bibitur
1490 1577 1549 1624 et
1577 1572 1698 1624 eius
1723 1589 1817 1625 ra-

221 1641 334 1703 dix,
357 1655 494 1706 quae
514 1643 845 1708 sparganion
869 1649 1117 1704 vocatur,
1138 1658 1206 1694 ex
1227 1643 1355 1694 vino
1382 1641 1529 1694 albo.

289 1709 486 1764 LX1V.
523 1711 572 1763 9.
609 1710 788 1762 Dauci
827 1727 1033 1780 genera
1072 1717 1310 1777 quatuor
1342 1709 1479 1764 fecit
1500 1709 1811 1763 Petronius

223 1780 518 1844 Diodotus,
557 1797 696 1848 quae
717 1781 972 1848 persequi
995 1779 1133 1831 nihil
1158 1781 1375 1843 attinet,
1418 1796 1537 1831 cum
1558 1781 1678 1832 sint
1698 1780 1811 1831 dif-

219 1849 488 1903 ferentiae
510 1851 666 1902 duae.
721 1851 1105 1903 Probatissimi
1122 1851 1177 1900 in
1201 1851 1381 1911 Creta,
1405 1865 1532 1900 mox
1553 1850 1612 1902 in
1635 1847 1815 1902 Acha-

219 1923 294 1982 ia,
319 1929 375 1972 et
398 1923 450 1970 in
472 1921 637 1971 siccis
660 1922 970 1987 ubicunque
991 1921 1129 1982 nati,
1150 1919 1408 1970 foeniculi
1430 1918 1815 1981 similitudine,

221 1989 637 2042 candidioribus
666 1989 816 2040 foliis
843 1998 898 2041 et
919 1990 1221 2040 minoribus
1244 1987 1601 2054 hirsutisque:
1644 1988 1814 2042 caule

218 2059 405 2126 pedali
420 2066 589 2124 rect0‚
612 2058 795 2110 radice
816 2059 1128 2108 suavissimi
1148 2065 1340 2126 gustus
1362 2065 1418 2110 et
1439 2057 1645 2108 odoris.
1683 2057 1816 2110 Hoc

215 2129 274 2180 in
298 2129 514 2180 saxosis
547 2127 886 2180 meridianis.
960 2127 1195 2194 Reliqua
1230 2143 1439 2195 genera
1477 2127 1680 2192 ubique
1708 2142 1813 2177 na-

219 2205 448 2249 scuntur
467 2198 702 2250 terrenis
726 2197 960 2248 collibus
983 2197 1386 2264 limitibusque,
1420 2211 1522 2248 nec
1551 2196 1655 2246 nisi
1684 2197 1811 2261 pin-

219 2267 313 2333 gui
337 2268 474 2328 solo,
516 2266 668 2336 toliis
704 2265 1001 2327 coriandri,
1044 2267 1199 2318 caule
1242 2265 1491 2325 cubitali,
1534 2266 1813 2330 capitibus

222 2335 488 2398 rotundis,
511 2352 673 2402 saepe
696 2336 942 2402 pluribus
965 2352 1124 2403 quam
1148 2336 1339 2398 terniS,
1360 2335 1543 2386 radice
1564 2335 1815 2401 lignosa,

219 2411 276 2458 et
316 2420 436 2456 cum
474 2406 685 2457 inaruit
714 2420 1071 2472 supervacua.
1143 2403 1337 2457 Semen
1380 2401 1543 2456 huius
1587 2405 1815 2459 cumino

218 2472 429 2524 simile:
473 2475 695 2537 urim-is,
719 2475 899 2526 milio:
926 2475 1127 2533 album,
1150 2489 1293 2536 acre,
1316 2475 1605 2526 odoratum
1630 2476 1815 2528 omni-

216 2541 338 2600 bus,
359 2545 415 2590 et
435 2539 667 2595 fervens.
741 2544 1053 2596 Secundum
1077 2546 1261 2610 priore
1296 2541 1676 2596 vehementius
1699 2550 1811 2610 est,

219 2609 452 2672 ideoque
476 2624 638 2672 parce
660 2613 804 2664 sumi
826 2612 1007 2666 debet.
1080 2613 1135 2665 Si
1166 2612 1275 2662 iam
1308 2613 1551 2666 maxime
1573 2612 1807 2666 tertium

216 2691 388 2745 genus
405 2674 588 2730 facere
609 2680 898 2744 libeat,est
919 2683 1100 2736 simile
1121 2680 1463 2750 staphylino,
1478 2682 1620 2750 quod
1633 2687 1782 2750 pasti
1798 2707 1827 2719 -
