2033 3044
301 160 604 219 NATUR.
642 162 986 219 HISTOR.
1016 164 1181 223 1213,
1215 164 1446 219 XXIX.
1494 163 1575 219 11.
1641 164 1747 223 227

155 262 360 329 crudo,
383 264 499 317 sive
527 270 707 327 coc-to,
725 265 1002 322 labiorum
1026 268 1233 322 fissuris
1254 268 1521 323 medetur.
1574 269 1744 327 Puta-

153 336 330 389 minis
347 379 352 387 .
371 334 510 390 einis
545 335 604 385 in
643 336 774 389 vino
813 343 996 403 potus,
1037 336 1320 405 sanguinis
1353 341 1745 405 eruptionibus-

157 404 564 457 comburi-sine
585 406 909 462 membrana
941 413 1191 473 oportet:
1234 406 1315 462 sic
1334 407 1403 460 fit
1418 415 1473 461 et
1493 408 1747 465 dentifri-

159 474 332 525 cium.
401 472 556 527 Idem
576 474 714 527 cinis
733 482 790 528 et
827 477 1121 530 mulierum
1142 490 1356 532 meuses
1378 491 1499 535 cum
1522 477 1747 544 myrrha

156 543 344 597 initus
363 541 534 595 sistit.
602 541 870 597 Firmitas
886 546 1223 612 putaminum
1247 550 1407 598 tanta
1434 552 1537 607 est,
1562 554 1639 601 ut·
1657 564 1744 599 re-

159 618 277 676 cta,
316 628 422 665 nee
441 612 516 675 vi,
549 628 650 675 nec
668 614 1050 679 pondere-ullo
1088 615 1589 682 frangantur,.nec
1634 618 1745 671 nisi
1770 620 1777 635 “

162 682 458 751 paululum
497 682 704 736 inflexa
743 687 1109 738 rotunditate.
1176 687 1323 737 'l'ota
1344 700 1449 736 ova
1484 685 1749 737 adiuvant

291 768 406 814 um,
427 766 548 805 cum
567 758 714 817 ruta,
745 760 802 807 et
824 756 1047 817 anetho,
1078 760 1135 807 et
1158 756 1377 809 cumino
1394 760 1529 821 pota
1546 770 1577 809 e
1604 756 1729 807 vino

199 821 418 875 cabiem
435 836 730 889 corporum
751 840 816 875 ae
838 826 1111 890 pruritum
1132 824 1257 879 oleo
1280 829 1337 877 et
1358 824 1545 877 cedria
1559 828 1749 879 mixtis

160 890 390 943 tollunt.
461 891 706 945 Huleera
729 908 946 960 quoque
970 892 1197 947 humida
1214 894 1272 943 in
1312 894 1518 959 capite,
1558 894 1745 960 cycla-

159 960 315 1013 mino
331 959 600 1013 admixta.
665 962 752 1013 Ad
773 963 928 1029 puris
951 970 1009 1015 et
1030 963 1313 1029 sanguinis
1334 966 1748 1016 exscreationes

165 1045 334 1083 ovum·
347 1029 578 1083 crudum
599 1046 722 1083 cum
744 1032 895 1098 porri
918 1032 1121 1085 sectivi
1138 1047 1319 1094 succo,
1341 1032 1571 1099 parique
1593 1048 1745 1085 men·

159 1114 290 1151 sura
320 1098 504 1151 mellis
521 1099 722 1153 Graeci
754 1100 1085 1155 calefactum
1108 1099 1380 1155 hauritur.
1450 1101 1749 1155 Danturet

163 1168 522 1221 tussientibus
544 1176 704 1223 cocta
745 1177 801 1223 et
823 1171 956 1223 trita
973 1186 1101 1224 cum
1120 1172 1303 1234 melle,
1345 1176 1404 1223 et
1426 1170 1601 1225 cruda
1623 1187 1745 1224 cum

155 1251 322 1305 passo
345 1237 561 1304 oleique
582 1240 704 1310 pari
730 1241 911 1292 modo,
983 1240 1353 1303 Infunduntur
1376 1246 1433 1292 et
1453 1241 1747 1293 virilitatis

155 1308 308 1360 vitiis
339 1306 580 1375 singula,
621 1324 742 1360 cum
776 1312 944 1362 ternis
985 1310 1135 1377 p'assi
1179 1310 1417 1377 cyathiS,
1458 1310 1745 1379 amylique

156 1376 434 1429 semuncia
456 1394 489 1429 a
508 1378 759 1431 balineis.
825 1380 1101 1433 Adversus
1123 1380 1265 1433 ictus
1288 1380 1627 1447 serpentium
1650 1395 1742 1432 co-

159 1452 252 1501 cta
269 1447 520 1513 tritaque
541 1447 756 1502 adiecto
779 1448 1053 1501 nasturtio
1074 1449 1381 1501 illinuntur.
1455 1442 1587 1501 cibo
1611 1458 1747 1518 quot

159 1514 342 1570 modis
377 1516 570 1579 iuvent
608 1522 796 1570 notum
818 1527 922 1582 est,
963 1533 1083 1569 cum
1123 1526 1464 1571 transmeent
1498 1518 1746 1572 faucium

157 1591 454 1649 mmor-em,
494 1586 846 1654 calfactuque
885 1587 1067 1639 obiter
1106 1585 1361 1639 foveant:
1421 1587 1625 1639 Nullus
1658 1598 1746 1641 est

157 1655 298 1708 alins
322 1655 496 1719 cibus,
518 1657 611 1725 qui
633 1657 686 1707 in
707 1651 1059 1724 aegritudine
1080 1656 1213 1718 alat,
1236 1669 1417 1722 neque
1436 1665 1646 1720 oneret,
1667 1659 1741 1710 si-

159 1723 381 1794 mulque
406 1724 520 1782 vim
547 1732 713 1794 potus
749 1741 813 1776 ac
836 1725 944 1778 cibi
964 1719 1182 1794 habeat.
1253 1723 1662 1778 Maceratorum
1685 1729 1743 1780 in

157 1797 324 1848 aceto'
340 1795 547 1864 molliri
571 1797 808 1850 diximus
830 1796 1106 1861 putamen.
1161 1791 1393 1860 Talibus
1418 1808 1538 1843 cum
1561 1794 1747 1848 farina

158 1864 210 1918 in
229 1879 430 1933 panem
449 1866 698 1918 'subactis
723 1865 958 1918 coeliaci
977 1865 1319 1916 recreantur.
1391 1860 1626 1923 Quidam
1664 1865 1748 1916 ita

155 1935 405 1988 resoluta
443 1934 498 1985 in
537 1935 744 2002 'patinis
784 1935 984 1987 torreri
1008 1933 1200 1985 utilius
1223 1936 1437 1999 putant.
1512 1933 1632 1994 Quo
1655 1949 1749 2004 gne-3

155 2019 290 2061 nere
311 2019 423 2056 non
444 2004 598 2055 alvos
621 2003 854 2069 tantum,
885 2004 980 2056 sed
1006 2010 1063 2054 et
1083 2014 1299 2072 menses
1322 2000 1649 2054 feminarum
1676 2002 1748 2053 si-

155 2077 310 2126 stunt
323 2090 340 2123 ε
383 2078 480 2124 aut
500 2075 548 2124 si
570 2076 750 2134 maior
769 2073 842 2124 sit
862 2075 1119 2141 impetus,
1143 2067 1313 2136 cruda
1334 2086 1457 2123 cum
1477 2069 1660 2122 farina
1680 2085 1748 2124 ex

155 2157 302 2212 aqua
329 2138 674 2196 hauriuntur.
745 2145 836 2206 Et,
857 2158 957 2210 pter
986 2159 1048 2194 so
1070 2141 1223 2194 lutea
1244 2149 1309 2194 e'x
1346 2143 1416 2192 iis
1438 2139 1667 2206 decocta
1687 2140 1749 2192 in

155 2213 338 2272 aceto,
358 2209 534 2264 donec
553 2209 932 2264 indurescant:
957 2210 1263 2279 iterumque
1288 2225 1409 2262 cum
1433 2211 1566 2260 trito
1590 2212 1747 2278 pipe-

155 2297 214 2336 re
233 2279 526 2335 torrentur
549 2281 620 2332 ad
646 2281 977 2342 cohibendas
1011 2281 1187 2333 alvos.
1256 2279 1354 2348 Fit
1386 2285 1443 2332 et
1482 2277 1750 2347 dysente-

157 2352 286 2404 ricis
311 2349 615 2402 remedium
653 2349 952 2418 singulare,
991 2365 1098 2402 ovo
1120 2349 1295 2402 effuso
1316 2351 1374 2401 in
1397 2349 1557 2401 fictili
1589 2363 1749 2412 novo,

157 2419 517 2488 eiusdemque
540 2421 628 2470 ovi
650 2435 922 2482 mensura,
942 2426 1007 2470 ut
1028 2419 1183 2486 paria
1201 2409 1315 2470 'si'nt
1337 2417 1545 2486 omnia.
1563 2417 1746 2480 melle,

157 2505 284 2543 mox
307 2494 488 2550 aceto,
521 2488 656 2540 item
681 2488 828 2552 oleo,
849 2487 1095 2542 confusis
1118 2489 1417 2554 crebroque
1439 2487 1743 2554 permixtis.

159 2558 280 2622 Quo
302 2557 516 2612 fuerint
539 2573 606 2610 ea
627 2557 1036 2620 excellentiora,
1074 2553 1179 2622 boc
1203 2559 1547 2624 praesentius
1570 2571 1747 2611 reme·

161 2627 312 2682 dium
345 2627 475 2682 erit.
546 2626 653 2679 Alii
693 2627 882 2680 eadem
921 2635 1179 2680 mensura
1209 2639 1310 2692 pro
1341 2625 1466 2680 oleo
1508 2633 1563 2680 et
1582 2633 1743 2680 aceto

163 2700 400 2752 resinam
429 2695 700 2749 adiiciunt
719 2697 1026 2762 rubentem,
1045 2693 1341 2818 νίιιιιιιιὲιιὲ
1358 2713 1375 2748 =
1413 2703 1469 2752 et
1486 2697 1597 2751 alio
1620 2711 1714 2750 mo
