<?xml version="1.0" encoding="UTF-8"?>
<!DOCTYPE html PUBLIC "-//W3C//DTD XHTML 1.0 Transitional//EN"
    "http://www.w3.org/TR/xhtml1/DTD/xhtml1-transitional.dtd">
<html xmlns="http://www.w3.org/1999/xhtml" xml:lang="en" lang="en">
 <head>
  <title>
</title>
<meta http-equiv="Content-Type" content="text/html;charset=utf-8" />
  <meta name='ocr-system' content='tesseract 3.04.00' />
  <meta name='ocr-capabilities' content='ocr_page ocr_carea ocr_par ocr_line ocrx_word'/>
</head>
<body>
  <div class='ocr_page' id='page_1' title='image "./historiaenatura05plingoog_0052.png"; bbox 0 0 2033 3044; ppageno 0'>
   <div class='ocr_carea' id='block_1_1' title="bbox 193 183 1718 251">
    <p class='ocr_par' dir='ltr' id='par_1_1' title="bbox 193 183 1718 251">
     <span class='ocr_line' id='line_1_1' title="bbox 193 183 1718 251; baseline 0.006 -9"><span class='ocrx_word' id='word_1_1' title='bbox 193 190 461 243; x_wconf 81' lang='lat' dir='ltr'><strong>NATUR.</strong></span> <span class='ocrx_word' id='word_1_2' title='bbox 483 189 778 245; x_wconf 83' lang='lat' dir='ltr'><strong>HISTOR.</strong></span> <span class='ocrx_word' id='word_1_3' title='bbox 803 190 939 245; x_wconf 84' lang='lat' dir='ltr'><strong>LIB.</strong></span> <span class='ocrx_word' id='word_1_4' title='bbox 961 190 1161 245; x_wconf 78' lang='lat' dir='ltr'><strong>XXIV.</strong></span> <span class='ocrx_word' id='word_1_5' title='bbox 1180 183 1306 245; x_wconf 64' lang='lat'><strong>120.</strong></span> <span class='ocrx_word' id='word_1_6' title='bbox 1328 194 1503 249; x_wconf 86' lang='lat' dir='ltr'>XXV.</span> <span class='ocrx_word' id='word_1_7' title='bbox 1528 194 1577 247; x_wconf 89' lang='grc'><strong>1’.</strong></span> <span class='ocrx_word' id='word_1_8' title='bbox 1646 191 1718 251; x_wconf 80' lang='grc'><strong>’43</strong></span> 
     </span>
    </p>
   </div>
   <div class='ocr_carea' id='block_1_2' title="bbox 127 294 1727 827">
    <p class='ocr_par' dir='ltr' id='par_1_2' title="bbox 127 294 1727 827">
     <span class='ocr_line' id='line_1_2' title="bbox 129 294 1717 361; baseline 0.004 -18"><span class='ocrx_word' id='word_1_9' title='bbox 129 306 336 361; x_wconf 80' lang='lat' dir='ltr'><strong>ragrae,</strong></span> <span class='ocrx_word' id='word_1_10' title='bbox 357 294 633 355; x_wconf 70' lang='lat' dir='ltr'><strong>articuli3‚</strong></span> <span class='ocrx_word' id='word_1_11' title='bbox 657 296 1019 361; x_wconf 83' lang='lat' dir='ltr'><strong>carnibusque</strong></span> <span class='ocrx_word' id='word_1_12' title='bbox 1042 310 1182 361; x_wconf 84' lang='lat' dir='ltr'><strong>quae</strong></span> <span class='ocrx_word' id='word_1_13' title='bbox 1202 295 1470 349; x_wconf 85' lang='lat' dir='ltr'><strong>recedunt</strong></span> <span class='ocrx_word' id='word_1_14' title='bbox 1490 297 1558 348; x_wconf 81' lang='lat' dir='ltr'><strong>&#39;ab</strong></span> <span class='ocrx_word' id='word_1_15' title='bbox 1582 298 1717 350; x_wconf 83' lang='lat' dir='ltr'><strong>ossi·</strong></span> 
     </span>
     <span class='ocr_line' id='line_1_3' title="bbox 127 362 1719 421; baseline 0.006 -10"><span class='ocrx_word' id='word_1_16' title='bbox 127 362 244 413; x_wconf 81' lang='lat' dir='ltr'><strong>bus:</strong></span> <span class='ocrx_word' id='word_1_17' title='bbox 271 366 433 414; x_wconf 82' lang='lat' dir='ltr'><strong>aceto</strong></span> <span class='ocrx_word' id='word_1_18' title='bbox 454 378 592 413; x_wconf 82' lang='lat' dir='ltr'><strong>vero</strong></span> <span class='ocrx_word' id='word_1_19' title='bbox 616 365 844 415; x_wconf 80' lang='lat' dir='ltr'><strong>subacta</strong></span> <span class='ocrx_word' id='word_1_20' title='bbox 863 364 1093 415; x_wconf 79' lang='lat' dir='ltr'><strong>luxatis.</strong></span> <span class='ocrx_word' id='word_1_21' title='bbox 1132 364 1378 415; x_wconf 88' lang='lat' dir='ltr'><strong>Illinitur</strong></span> <span class='ocrx_word' id='word_1_22' title='bbox 1400 372 1456 417; x_wconf 88' lang='lat' dir='ltr'><strong>et</strong></span> <span class='ocrx_word' id='word_1_23' title='bbox 1476 367 1607 417; x_wconf 84' lang='lat' dir='ltr'><strong>lieni</strong></span> <span class='ocrx_word' id='word_1_24' title='bbox 1629 368 1719 421; x_wconf 85' lang='lat' dir='ltr'><strong>de·</strong></span> 
     </span>
     <span class='ocr_line' id='line_1_4' title="bbox 129 432 1715 487; baseline 0.004 -6"><span class='ocrx_word' id='word_1_25' title='bbox 129 438 282 482; x_wconf 83' lang='lat' dir='ltr'><strong>cocta</strong></span> <span class='ocrx_word' id='word_1_26' title='bbox 303 432 360 481; x_wconf 89' lang='lat' dir='ltr'><strong>in</strong></span> <span class='ocrx_word' id='word_1_27' title='bbox 383 438 547 482; x_wconf 85' lang='lat' dir='ltr'><strong>aceto</strong></span> <span class='ocrx_word' id='word_1_28' title='bbox 571 438 629 483; x_wconf 89' lang='lat' dir='ltr'><strong>et</strong></span> <span class='ocrx_word' id='word_1_29' title='bbox 651 432 813 483; x_wconf 90' lang='lat' dir='ltr'><strong>melle</strong></span> <span class='ocrx_word' id='word_1_30' title='bbox 831 438 1069 483; x_wconf 86' lang='lat' dir='ltr'><strong>tantum.</strong></span> <span class='ocrx_word' id='word_1_31' title='bbox 1146 434 1533 485; x_wconf 82' lang='lat' dir='ltr'><strong>Carcinomata</strong></span> <span class='ocrx_word' id='word_1_32' title='bbox 1552 438 1715 487; x_wconf 81' lang='lat' dir='ltr'><strong>suba—</strong></span> 
     </span>
     <span class='ocr_line' id='line_1_5' title="bbox 132 500 1719 567; baseline 0.005 -18"><span class='ocrx_word' id='word_1_33' title='bbox 132 507 216 550; x_wconf 84' lang='lat' dir='ltr'><strong>cta</strong></span> <span class='ocrx_word' id='word_1_34' title='bbox 233 516 305 551; x_wconf 82' lang='lat' dir='ltr'><strong>ex</strong></span> <span class='ocrx_word' id='word_1_35' title='bbox 323 500 453 550; x_wconf 83' lang='lat' dir='ltr'><strong>vino</strong></span> <span class='ocrx_word' id='word_1_36' title='bbox 477 507 712 566; x_wconf 84' lang='lat' dir='ltr'><strong>purgat:</strong></span> <span class='ocrx_word' id='word_1_37' title='bbox 737 516 861 551; x_wconf 76' lang='lat' dir='ltr'><strong>mox</strong></span> <span class='ocrx_word' id='word_1_38' title='bbox 885 501 1076 551; x_wconf 80' lang='lat' dir='ltr'><strong>addito</strong></span> <span class='ocrx_word' id='word_1_39' title='bbox 1100 501 1266 551; x_wconf 78' lang='lat' dir='ltr'><strong>melle</strong></span> <span class='ocrx_word' id='word_1_40' title='bbox 1289 510 1567 567; x_wconf 81' lang='lat' dir='ltr'><strong>persanat.</strong></span> <span class='ocrx_word' id='word_1_41' title='bbox 1624 504 1719 557; x_wconf 86' lang='lat' dir='ltr'><strong>Su-</strong></span> 
     </span>
     <span class='ocr_line' id='line_1_6' title="bbox 131 568 1727 637; baseline 0.004 -19"><span class='ocrx_word' id='word_1_42' title='bbox 131 572 296 619; x_wconf 87' lang='lat' dir='ltr'><strong>mitur</strong></span> <span class='ocrx_word' id='word_1_43' title='bbox 333 574 390 619; x_wconf 91' lang='lat' dir='ltr'><strong>et</strong></span> <span class='ocrx_word' id='word_1_44' title='bbox 411 570 653 620; x_wconf 78' lang='lat' dir='ltr'><strong>sorbitio</strong></span> <span class='ocrx_word' id='word_1_45' title='bbox 679 584 710 620; x_wconf 92' lang='lat' dir='ltr'><strong>e</strong></span> <span class='ocrx_word' id='word_1_46' title='bbox 729 570 905 620; x_wconf 81' lang='lat' dir='ltr'><strong>farina</strong></span> <span class='ocrx_word' id='word_1_47' title='bbox 945 570 1014 620; x_wconf 87' lang='lat' dir='ltr'><strong>ad</strong></span> <span class='ocrx_word' id='word_1_48' title='bbox 1052 576 1247 635; x_wconf 80' lang='lat' dir='ltr'><strong>pectus</strong></span> <span class='ocrx_word' id='word_1_49' title='bbox 1291 568 1727 637; x_wconf 83' lang='lat' dir='ltr'><strong>exhulceratum,</strong></span> 
     </span>
     <span class='ocr_line' id='line_1_7' title="bbox 131 637 1723 705; baseline 0.003 -18"><span class='ocrx_word' id='word_1_50' title='bbox 131 638 462 705; x_wconf 85' lang='lat' dir='ltr'><strong>longamque</strong></span> <span class='ocrx_word' id='word_1_51' title='bbox 481 640 705 689; x_wconf 80' lang='lat' dir='ltr'><strong>tussim.</strong></span> <span class='ocrx_word' id='word_1_52' title='bbox 761 637 872 687; x_wconf 90' lang='lat' dir='ltr'><strong>Diu</strong></span> <span class='ocrx_word' id='word_1_53' title='bbox 895 640 1241 703; x_wconf 83' lang='lat' dir='ltr'><strong>decoquitur,</strong></span> <span class='ocrx_word' id='word_1_54' title='bbox 1265 637 1441 691; x_wconf 89' lang='lat' dir='ltr'><strong>donec</strong></span> <span class='ocrx_word' id='word_1_55' title='bbox 1460 642 1723 692; x_wconf 85' lang='lat' dir='ltr'><strong>amaritu-</strong></span> 
     </span>
     <span class='ocr_line' id='line_1_8' title="bbox 129 706 1727 775; baseline 0.003 -18"><span class='ocrx_word' id='word_1_56' title='bbox 129 706 200 757; x_wconf 85' lang='lat' dir='ltr'><strong>do</strong></span> <span class='ocrx_word' id='word_1_57' title='bbox 221 707 464 757; x_wconf 81' lang='lat' dir='ltr'><strong>desinat.</strong></span> <span class='ocrx_word' id='word_1_58' title='bbox 534 706 740 757; x_wconf 78' lang='lat' dir='ltr'><strong>Postea</strong></span> <span class='ocrx_word' id='word_1_59' title='bbox 760 708 868 758; x_wconf 87' lang='lat' dir='ltr'><strong>mel</strong></span> <span class='ocrx_word' id='word_1_60' title='bbox 888 708 1127 759; x_wconf 82' lang='lat' dir='ltr'>additur.</span> <span class='ocrx_word' id='word_1_61' title='bbox 1178 708 1338 759; x_wconf 86' lang='lat' dir='ltr'><strong>Nunc</strong></span> <span class='ocrx_word' id='word_1_62' title='bbox 1358 710 1481 775; x_wconf 81' lang='lat' dir='ltr'><strong>ipsa</strong></span> <span class='ocrx_word' id='word_1_63' title='bbox 1504 710 1727 761; x_wconf 79' lang='lat' dir='ltr'><strong>claritas</strong></span> 
     </span>
     <span class='ocr_line' id='line_1_9' title="bbox 129 774 686 827; baseline -0.004 -1"><span class='ocrx_word' id='word_1_64' title='bbox 129 775 426 827; x_wconf 81' lang='lat' dir='ltr'><strong>herbarum</strong></span> <span class='ocrx_word' id='word_1_65' title='bbox 451 774 686 826; x_wconf 83' lang='lat' dir='ltr'><strong>dicetur.</strong></span> 
     </span>
    </p>
   </div>
   <div class='ocr_carea' id='block_1_3' title="bbox 129 916 1726 945">
    <p class='ocr_par' dir='ltr' id='par_1_3' title="bbox 129 916 1726 945">
     <span class='ocr_line' id='line_1_10' title="bbox 129 916 1726 945; baseline 0 2099"><span class='ocrx_word' id='word_1_66' title='bbox 129 916 1726 945; x_wconf 95' lang='lat' dir='ltr'><strong> </strong></span> 
     </span>
    </p>
   </div>
   <div class='ocr_carea' id='block_1_4' title="bbox 342 1036 1618 1111">
    <p class='ocr_par' dir='ltr' id='par_1_4' title="bbox 342 1036 1618 1111">
     <span class='ocr_line' id='line_1_11' title="bbox 342 1036 1618 1111; baseline 0 -3"><span class='ocrx_word' id='word_1_67' title='bbox 342 1036 422 1109; x_wconf 90' lang='lat' dir='ltr'><strong>C.</strong></span> <span class='ocrx_word' id='word_1_68' title='bbox 526 1038 904 1110; x_wconf 87' lang='lat' dir='ltr'>PLINII</span> <span class='ocrx_word' id='word_1_69' title='bbox 1003 1038 1517 1111; x_wconf 87' lang='lat' dir='ltr'><strong>SECUNDI</strong></span> <span class='ocrx_word' id='word_1_70' title='bbox 1612 1052 1618 1059; x_wconf 85' lang='lat'>&#39;</span> 
     </span>
    </p>
   </div>
   <div class='ocr_carea' id='block_1_5' title="bbox 127 1166 1725 1418">
    <p class='ocr_par' dir='ltr' id='par_1_5' title="bbox 127 1166 1725 1418">
     <span class='ocr_line' id='line_1_12' title="bbox 127 1166 1725 1253; baseline 0.001 -2"><span class='ocrx_word' id='word_1_71' title='bbox 127 1166 905 1251; x_wconf 86' lang='lat' dir='ltr'><strong>NATURALIS</strong></span> <span class='ocrx_word' id='word_1_72' title='bbox 975 1166 1725 1253; x_wconf 86' lang='lat' dir='ltr'><strong>HISTORIAE</strong></span> 
     </span>
     <span class='ocr_line' id='line_1_13' title="bbox 429 1309 1427 1418; baseline 0.002 -46"><span class='ocrx_word' id='word_1_73' title='bbox 429 1309 954 1373; x_wconf 83' lang='lat' dir='ltr'><strong>-LIBER</strong></span> <span class='ocrx_word' id='word_1_74' title='bbox 1064 1310 1427 1418; x_wconf 63' lang='lat' dir='ltr'><strong>xxv.⁸</strong></span> 
     </span>
    </p>
   </div>
   <div class='ocr_carea' id='block_1_6' title="bbox 129 1497 1741 2771">
    <p class='ocr_par' dir='ltr' id='par_1_6' title="bbox 129 1497 1741 2771">
     <span class='ocr_line' id='line_1_14' title="bbox 129 1497 1734 1600; baseline 0 -14"><span class='ocrx_word' id='word_1_75' title='bbox 129 1535 171 1586; x_wconf 88' lang='lat'><strong>1.</strong></span> <span class='ocrx_word' id='word_1_76' title='bbox 198 1497 337 1584; x_wconf 73' lang='lat' dir='ltr'><strong>Im</strong></span> <span class='ocrx_word' id='word_1_77' title='bbox 361 1547 505 1600; x_wconf 83' lang='lat' dir='ltr'><strong>quae</strong></span> <span class='ocrx_word' id='word_1_78' title='bbox 525 1546 670 1584; x_wconf 82' lang='lat' dir='ltr'><strong>nunc</strong></span> <span class='ocrx_word' id='word_1_79' title='bbox 703 1532 920 1583; x_wconf 83' lang='lat' dir='ltr'><strong>dicetur</strong></span> <span class='ocrx_word' id='word_1_80' title='bbox 953 1533 1241 1586; x_wconf 82' lang='lat' dir='ltr'><strong>herbarum</strong></span> <span class='ocrx_word' id='word_1_81' title='bbox 1265 1536 1520 1598; x_wconf 72' lang='lat' dir='ltr'><strong>claritas,</strong></span> <span class='ocrx_word' id='word_1_82' title='bbox 1561 1535 1734 1587; x_wconf 70' lang='lat' dir='ltr'><strong>medi-¹</strong></span> 
     </span>
     <span class='ocr_line' id='line_1_15' title="bbox 133 1602 1729 1670; baseline 0 -16"><span class='ocrx_word' id='word_1_83' title='bbox 133 1603 286 1654; x_wconf 84' lang='lat' dir='ltr'><strong>cinae</strong></span> <span class='ocrx_word' id='word_1_84' title='bbox 307 1609 526 1652; x_wconf 80' lang='lat' dir='ltr'><strong>tantum</strong></span> <span class='ocrx_word' id='word_1_85' title='bbox 552 1603 823 1670; x_wconf 81' lang='lat' dir='ltr'><strong>gignente</strong></span> <span class='ocrx_word' id='word_1_86' title='bbox 847 1614 938 1652; x_wconf 73' lang='lat' dir='ltr'><strong>eas</strong></span> <span class='ocrx_word' id='word_1_87' title='bbox 961 1602 1181 1665; x_wconf 78' lang='lat' dir='ltr'><strong>tellure,</strong></span> <span class='ocrx_word' id='word_1_88' title='bbox 1221 1607 1277 1655; x_wconf 91' lang='lat' dir='ltr'><strong>in</strong></span> <span class='ocrx_word' id='word_1_89' title='bbox 1302 1605 1729 1656; x_wconf 75' lang='lat' dir='ltr'><strong>admirationem</strong></span> 
     </span>
     <span class='ocr_line' id='line_1_16' title="bbox 132 1671 1729 1738; baseline 0 -16"><span class='ocrx_word' id='word_1_90' title='bbox 132 1687 294 1724; x_wconf 82' lang='lat' dir='ltr'><strong>curae</strong></span> <span class='ocrx_word' id='word_1_91' title='bbox 310 1673 628 1738; x_wconf 80' lang='lat' dir='ltr'><strong>priscorum</strong></span> <span class='ocrx_word' id='word_1_92' title='bbox 653 1671 1087 1738; x_wconf 71' lang='lat' dir='ltr'><strong>diligentiaeque</strong></span> <span class='ocrx_word' id='word_1_93' title='bbox 1111 1675 1346 1723; x_wconf 86' lang='lat' dir='ltr'><strong>animum</strong></span> <span class='ocrx_word' id='word_1_94' title='bbox 1374 1674 1505 1738; x_wconf 82' lang='lat' dir='ltr'><strong>agit‘.</strong></span> <span class='ocrx_word' id='word_1_95' title='bbox 1573 1671 1729 1723; x_wconf 83' lang='lat' dir='ltr'><strong>Nihil</strong></span> 
     </span>
     <span class='ocr_line' id='line_1_17' title="bbox 135 1739 1732 1808; baseline -0.001 -16"><span class='ocrx_word' id='word_1_96' title='bbox 135 1755 266 1808; x_wconf 81' lang='lat' dir='ltr'><strong>ergo</strong></span> <span class='ocrx_word' id='word_1_97' title='bbox 291 1743 631 1792; x_wconf 83' lang='lat' dir='ltr'><strong>intentatum</strong></span> <span class='ocrx_word' id='word_1_98' title='bbox 652 1739 1106 1805; x_wconf 70' lang='lat' dir='ltr'><strong>inexpertumque</strong></span> <span class='ocrx_word' id='word_1_99' title='bbox 1129 1741 1241 1790; x_wconf 83' lang='lat' dir='ltr'><strong>iliis</strong></span> <span class='ocrx_word' id='word_1_100' title='bbox 1264 1741 1397 1790; x_wconf 81' lang='lat' dir='ltr'><strong>fuit:</strong></span> <span class='ocrx_word' id='word_1_101' title='bbox 1422 1741 1557 1792; x_wconf 85' lang='lat' dir='ltr'><strong>nihil</strong></span> <span class='ocrx_word' id='word_1_102' title='bbox 1579 1741 1732 1792; x_wconf 88' lang='lat' dir='ltr'><strong>dein-</strong></span> 
     </span>
     <span class='ocr_line' id='line_1_18' title="bbox 135 1808 1732 1875; baseline -0.002 -15"><span class='ocrx_word' id='word_1_103' title='bbox 135 1808 202 1860; x_wconf 84' lang='lat' dir='ltr'><strong>de</strong></span> <span class='ocrx_word' id='word_1_104' title='bbox 223 1810 588 1869; x_wconf 85' lang='lat' dir='ltr'><strong>occultatum,</strong></span> <span class='ocrx_word' id='word_1_105' title='bbox 631 1809 888 1875; x_wconf 85' lang='lat' dir='ltr'><strong>quodque</strong></span> <span class='ocrx_word' id='word_1_106' title='bbox 929 1822 1035 1859; x_wconf 88' lang='lat' dir='ltr'><strong>non</strong></span> <span class='ocrx_word' id='word_1_107' title='bbox 1066 1809 1329 1873; x_wconf 74' lang='lat' dir='ltr'><strong>prodesse·</strong></span> <span class='ocrx_word' id='word_1_108' title='bbox 1350 1809 1591 1874; x_wconf 81' lang='lat' dir='ltr'><strong>posteris</strong></span> <span class='ocrx_word' id='word_1_109' title='bbox 1610 1809 1732 1858; x_wconf 83' lang='lat' dir='ltr'><strong>vel-</strong></span> 
     </span>
     <span class='ocr_line' id='line_1_19' title="bbox 133 1875 1731 1942; baseline -0.001 -14"><span class='ocrx_word' id='word_1_110' title='bbox 133 1878 264 1930; x_wconf 84' lang='lat' dir='ltr'><strong>lent.</strong></span> <span class='ocrx_word' id='word_1_111' title='bbox 334 1881 408 1930; x_wconf 83' lang='lat' dir='ltr'><strong>At</strong></span> <span class='ocrx_word' id='word_1_112' title='bbox 429 1891 536 1928; x_wconf 75' lang='lat' dir='ltr'><strong>nos</strong></span> <span class='ocrx_word' id='word_1_113' title='bbox 560 1877 848 1928; x_wconf 80' lang='lat' dir='ltr'><strong>elaborata</strong></span> <span class='ocrx_word' id='word_1_114' title='bbox 868 1876 938 1927; x_wconf 79' lang='lat' dir='ltr'><strong>iis</strong></span> <span class='ocrx_word' id='word_1_115' title='bbox 961 1876 1306 1928; x_wconf 77' lang='lat' dir='ltr'><strong>abscondere</strong></span> <span class='ocrx_word' id='word_1_116' title='bbox 1328 1883 1492 1942; x_wconf 86' lang='lat' dir='ltr'><strong>atque</strong></span> <span class='ocrx_word' id='word_1_117' title='bbox 1515 1875 1731 1941; x_wconf 84' lang='lat' dir='ltr'><strong>suppri-</strong></span> 
     </span>
     <span class='ocr_line' id='line_1_20' title="bbox 133 1945 1735 2014; baseline -0.001 -18"><span class='ocrx_word' id='word_1_118' title='bbox 133 1961 282 1998; x_wconf 81' lang='lat' dir='ltr'><strong>mere</strong></span> <span class='ocrx_word' id='word_1_119' title='bbox 295 1947 570 2014; x_wconf 68' lang='lat' dir='ltr'><strong>cupimuS,</strong></span> <span class='ocrx_word' id='word_1_120' title='bbox 583 1951 642 1997; x_wconf 88' lang='lat' dir='ltr'><strong>et</strong></span> <span class='ocrx_word' id='word_1_121' title='bbox 664 1946 924 1998; x_wconf 80' lang='lat' dir='ltr'><strong>fraudare</strong></span> <span class='ocrx_word' id='word_1_122' title='bbox 943 1948 1113 1996; x_wconf 81' lang='lat' dir='ltr'><strong>vitam</strong></span> <span class='ocrx_word' id='word_1_123' title='bbox 1139 1946 1305 1996; x_wconf 84' lang='lat' dir='ltr'><strong>etiam</strong></span> <span class='ocrx_word' id='word_1_124' title='bbox 1332 1945 1533 1997; x_wconf 78' lang='lat' dir='ltr'><strong>alienis</strong></span> <span class='ocrx_word' id='word_1_125' title='bbox 1553 1946 1735 1996; x_wconf 61' lang='lat' dir='ltr'><strong>boniS.¹</strong></span> 
     </span>
     <span class='ocr_line' id='line_1_21' title="bbox 131 2014 1733 2082; baseline -0.001 -14"><span class='ocrx_word' id='word_1_126' title='bbox 131 2016 216 2067; x_wconf 79' lang='lat' dir='ltr'><strong>lta</strong></span> <span class='ocrx_word' id='word_1_127' title='bbox 235 2022 386 2068; x_wconf 86' lang='lat' dir='ltr'><strong>certe</strong></span> <span class='ocrx_word' id='word_1_128' title='bbox 413 2014 749 2076; x_wconf 71' lang='lat' dir='ltr'><strong>recondunt,</strong></span> <span class='ocrx_word' id='word_1_129' title='bbox 793 2017 888 2081; x_wconf 86' lang='lat' dir='ltr'><strong>qui</strong></span> <span class='ocrx_word' id='word_1_130' title='bbox 909 2028 1085 2082; x_wconf 84' lang='lat' dir='ltr'><strong>pauca</strong></span> <span class='ocrx_word' id='word_1_131' title='bbox 1114 2015 1297 2080; x_wconf 77' lang='lat' dir='ltr'><strong>aliqua</strong></span> <span class='ocrx_word' id='word_1_132' title='bbox 1322 2031 1555 2076; x_wconf 85' lang='lat' dir='ltr'><strong>novere,</strong></span> <span class='ocrx_word' id='word_1_133' title='bbox 1594 2015 1733 2066; x_wconf 85' lang='lat' dir='ltr'><strong>invi-</strong></span> 
     </span>
     <span class='ocr_line' id='line_1_22' title="bbox 135 2085 1731 2144; baseline -0.002 -8"><span class='ocrx_word' id='word_1_134' title='bbox 135 2085 322 2137; x_wconf 77' lang='lat' dir='ltr'><strong>dentes</strong></span> <span class='ocrx_word' id='word_1_135' title='bbox 367 2085 524 2134; x_wconf 80' lang='lat' dir='ltr'><strong>aliis:</strong></span> <span class='ocrx_word' id='word_1_136' title='bbox 572 2090 630 2134; x_wconf 83' lang='lat' dir='ltr'><strong>et</strong></span> <span class='ocrx_word' id='word_1_137' title='bbox 671 2085 944 2135; x_wconf 86' lang='lat' dir='ltr'><strong>neminem</strong></span> <span class='ocrx_word' id='word_1_138' title='bbox 989 2085 1207 2144; x_wconf 87' lang='lat' dir='ltr'><strong>docere,</strong></span> <span class='ocrx_word' id='word_1_139' title='bbox 1247 2087 1303 2134; x_wconf 89' lang='lat' dir='ltr'><strong>in</strong></span> <span class='ocrx_word' id='word_1_140' title='bbox 1337 2085 1731 2135; x_wconf 83' lang='lat' dir='ltr'><strong>auctoritatem</strong></span> 
     </span>
     <span class='ocr_line' id='line_1_23' title="bbox 135 2153 1732 2219; baseline -0.003 -15"><span class='ocrx_word' id='word_1_141' title='bbox 135 2155 397 2206; x_wconf 74' lang='lat' dir='ltr'><strong>scientiae</strong></span> <span class='ocrx_word' id='word_1_142' title='bbox 421 2158 527 2202; x_wconf 70' lang='lat' dir='ltr'><strong>ent.</strong></span> <span class='ocrx_word' id='word_1_143' title='bbox 601 2153 844 2202; x_wconf 77' lang='lat' dir='ltr'><strong>&#39;rantum</strong></span> <span class='ocrx_word' id='word_1_144' title='bbox 867 2155 937 2204; x_wconf 90' lang='lat' dir='ltr'><strong>ab</strong></span> <span class='ocrx_word' id='word_1_145' title='bbox 958 2154 1347 2219; x_wconf 79' lang='lat' dir='ltr'><strong>excogitandis</strong></span> <span class='ocrx_word' id='word_1_146' title='bbox 1370 2155 1544 2214; x_wconf 65' lang='grc' dir='ltr'><strong>ηονίε,</strong></span> <span class='ocrx_word' id='word_1_147' title='bbox 1568 2169 1632 2202; x_wconf 87' lang='lat' dir='ltr'><strong>ac</strong></span> <span class='ocrx_word' id='word_1_148' title='bbox 1650 2153 1732 2201; x_wconf 87' lang='lat' dir='ltr'><strong>iu-</strong></span> 
     </span>
     <span class='ocr_line' id='line_1_24' title="bbox 135 2221 1734 2289; baseline -0.001 -18"><span class='ocrx_word' id='word_1_149' title='bbox 135 2223 307 2274; x_wconf 65' lang='lat' dir='ltr'><strong>vande</strong></span> <span class='ocrx_word' id='word_1_150' title='bbox 329 2223 452 2272; x_wconf 79' lang='lat' dir='ltr'><strong>vita</strong></span> <span class='ocrx_word' id='word_1_151' title='bbox 476 2233 664 2272; x_wconf 80' lang='lat' dir='ltr'><strong>mores</strong></span> <span class='ocrx_word' id='word_1_152' title='bbox 685 2223 902 2282; x_wconf 82' lang='lat' dir='ltr'><strong>absunt,</strong></span> <span class='ocrx_word' id='word_1_153' title='bbox 926 2234 1304 2289; x_wconf 85' lang='lat' dir='ltr'><strong>summumque</strong></span> <span class='ocrx_word' id='word_1_154' title='bbox 1330 2238 1466 2289; x_wconf 85' lang='lat' dir='ltr'><strong>opus</strong></span> <span class='ocrx_word' id='word_1_155' title='bbox 1486 2221 1734 2288; x_wconf 85' lang='lat' dir='ltr'><strong>ingenio-</strong></span> 
     </span>
     <span class='ocr_line' id='line_1_25' title="bbox 137 2288 1732 2358; baseline -0.003 -14"><span class='ocrx_word' id='word_1_156' title='bbox 137 2307 250 2343; x_wconf 85' lang='lat' dir='ltr'><strong>rum</strong></span> <span class='ocrx_word' id='word_1_157' title='bbox 271 2292 374 2343; x_wconf 80' lang='lat' dir='ltr'><strong>diu</strong></span> <span class='ocrx_word' id='word_1_158' title='bbox 394 2292 504 2341; x_wconf 83' lang='lat' dir='ltr'><strong>iam</strong></span> <span class='ocrx_word' id='word_1_159' title='bbox 528 2289 636 2340; x_wconf 89' lang='lat' dir='ltr'><strong>hoc</strong></span> <span class='ocrx_word' id='word_1_160' title='bbox 654 2288 790 2349; x_wconf 80' lang='lat' dir='ltr'><strong>fuit,</strong></span> <span class='ocrx_word' id='word_1_161' title='bbox 831 2298 894 2340; x_wconf 87' lang='lat' dir='ltr'><strong>ut</strong></span> <span class='ocrx_word' id='word_1_162' title='bbox 923 2292 1074 2342; x_wconf 85' lang='lat' dir='ltr'><strong>intra</strong></span> <span class='ocrx_word' id='word_1_163' title='bbox 1104 2307 1545 2358; x_wconf 84' lang='lat' dir='ltr'><strong>unumquemque</strong></span> <span class='ocrx_word' id='word_1_164' title='bbox 1579 2296 1732 2340; x_wconf 87' lang='lat' dir='ltr'><strong>recte</strong></span> 
     </span>
     <span class='ocr_line' id='line_1_26' title="bbox 137 2357 1741 2426; baseline -0.001 -16"><span class='ocrx_word' id='word_1_165' title='bbox 137 2359 284 2412; x_wconf 77' lang='lat' dir='ltr'><strong>facta</strong></span> <span class='ocrx_word' id='word_1_166' title='bbox 301 2365 558 2412; x_wconf 81' lang='lat' dir='ltr'><strong>veterum</strong></span> <span class='ocrx_word' id='word_1_167' title='bbox 586 2359 844 2424; x_wconf 85' lang='lat' dir='ltr'><strong>perirent.</strong></span> <span class='ocrx_word' id='word_1_168' title='bbox 862 2362 935 2411; x_wconf 78' lang='lat' dir='ltr'><strong>At</strong></span> <span class='ocrx_word' id='word_1_169' title='bbox 954 2359 1207 2412; x_wconf 80' lang='lat' dir='ltr'><strong>hercules</strong></span> <span class='ocrx_word' id='word_1_170' title='bbox 1228 2360 1445 2426; x_wconf 83' lang='lat' dir='ltr'><strong>singula</strong></span> <span class='ocrx_word' id='word_1_171' title='bbox 1467 2357 1741 2425; x_wconf 83' lang='lat' dir='ltr'><strong>quosdam</strong></span> 
     </span>
     <span class='ocr_line' id='line_1_27' title="bbox 137 2428 1734 2494; baseline 0.001 -16"><span class='ocrx_word' id='word_1_172' title='bbox 137 2428 358 2482; x_wconf 78' lang='lat' dir='ltr'><strong>inventa</strong></span> <span class='ocrx_word' id='word_1_173' title='bbox 400 2429 636 2479; x_wconf 84' lang='lat' dir='ltr'><strong>deorum</strong></span> <span class='ocrx_word' id='word_1_174' title='bbox 673 2441 900 2480; x_wconf 85' lang='lat' dir='ltr'><strong>numero</strong></span> <span class='ocrx_word' id='word_1_175' title='bbox 937 2429 1229 2479; x_wconf 80' lang='lat' dir='ltr'><strong>addidere:</strong></span> <span class='ocrx_word' id='word_1_176' title='bbox 1275 2431 1517 2479; x_wconf 84' lang='lat' dir='ltr'><strong>omnium</strong></span> <span class='ocrx_word' id='word_1_177' title='bbox 1543 2428 1734 2494; x_wconf 85' lang='lat' dir='ltr'><strong>utique</strong></span> 
     </span>
     <span class='ocr_line' id='line_1_28' title="bbox 141 2495 1734 2564; baseline -0.001 -17"><span class='ocrx_word' id='word_1_178' title='bbox 141 2498 295 2549; x_wconf 80' lang='lat' dir='ltr'><strong>vitam</strong></span> <span class='ocrx_word' id='word_1_179' title='bbox 313 2495 622 2550; x_wconf 80' lang='lat' dir='ltr'><strong>clariorem</strong></span> <span class='ocrx_word' id='word_1_180' title='bbox 648 2497 826 2551; x_wconf 77' lang='lat' dir='ltr'><strong>fecere</strong></span> <span class='ocrx_word' id='word_1_181' title='bbox 847 2498 1268 2564; x_wconf 83' lang='lat' dir='ltr'><strong>cognominibus</strong></span> <span class='ocrx_word' id='word_1_182' title='bbox 1290 2496 1601 2556; x_wconf 84' lang='lat' dir='ltr'><strong>herbarum,</strong></span> <span class='ocrx_word' id='word_1_183' title='bbox 1620 2503 1734 2548; x_wconf 85' lang='lat' dir='ltr'><strong>tam</strong></span> 
     </span>
     <span class='ocr_line' id='line_1_29' title="bbox 138 2565 1735 2635; baseline 0 -19"><span class='ocrx_word' id='word_1_184' title='bbox 138 2565 366 2635; x_wconf 80' lang='lat' dir='ltr'><strong>benigne</strong></span> <span class='ocrx_word' id='word_1_185' title='bbox 386 2568 634 2634; x_wconf 75' lang='lat' dir='ltr'><strong>gratiam</strong></span> <span class='ocrx_word' id='word_1_186' title='bbox 651 2567 916 2618; x_wconf 80' lang='lat' dir='ltr'><strong>memoria</strong></span> <span class='ocrx_word' id='word_1_187' title='bbox 937 2565 1228 2618; x_wconf 83' lang='lat' dir='ltr'><strong>referente.</strong></span> <span class='ocrx_word' id='word_1_188' title='bbox 1259 2567 1383 2616; x_wconf 86' lang='lat' dir='ltr'><strong>Non</strong></span> <span class='ocrx_word' id='word_1_189' title='bbox 1405 2581 1577 2632; x_wconf 80' lang='lat' dir='ltr'><strong>aeque</strong></span> <span class='ocrx_word' id='word_1_190' title='bbox 1598 2565 1735 2617; x_wconf 82' lang='lat' dir='ltr'><strong>haec</strong></span> 
     </span>
     <span class='ocr_line' id='line_1_30' title="bbox 143 2633 1733 2702; baseline -0.002 -18"><span class='ocrx_word' id='word_1_191' title='bbox 143 2649 264 2687; x_wconf 81' lang='lat' dir='ltr'><strong>cura</strong></span> <span class='ocrx_word' id='word_1_192' title='bbox 283 2649 482 2688; x_wconf 81' lang='lat' dir='ltr'><strong>eorum</strong></span> <span class='ocrx_word' id='word_1_193' title='bbox 503 2635 654 2684; x_wconf 77' lang='lat' dir='ltr'><strong>mira</strong></span> <span class='ocrx_word' id='word_1_194' title='bbox 671 2636 730 2685; x_wconf 85' lang='lat' dir='ltr'><strong>in</strong></span> <span class='ocrx_word' id='word_1_195' title='bbox 751 2633 836 2686; x_wconf 78' lang='lat' dir='ltr'><strong>his</strong></span> <span class='ocrx_word' id='word_1_196' title='bbox 851 2669 866 2696; x_wconf 88' lang='lat'>‚</span> <span class='ocrx_word' id='word_1_197' title='bbox 905 2651 1047 2702; x_wconf 82' lang='lat' dir='ltr'><strong>quae</strong></span> <span class='ocrx_word' id='word_1_198' title='bbox 1070 2642 1193 2684; x_wconf 81' lang='lat' dir='ltr'><strong>satu</strong></span> <span class='ocrx_word' id='word_1_199' title='bbox 1216 2635 1591 2698; x_wconf 82' lang='lat' dir='ltr'><strong>blandiuntur,</strong></span> <span class='ocrx_word' id='word_1_200' title='bbox 1634 2639 1733 2682; x_wconf 89' lang='lat' dir='ltr'><strong>aut</strong></span> 
     </span>
     <span class='ocr_line' id='line_1_31' title="bbox 143 2701 1733 2771; baseline -0.003 -17"><span class='ocrx_word' id='word_1_201' title='bbox 143 2701 256 2756; x_wconf 76' lang='lat' dir='ltr'><strong>cibo</strong></span> <span class='ocrx_word' id='word_1_202' title='bbox 276 2706 566 2757; x_wconf 74' lang='lat' dir='ltr'><strong>invitantz‘</strong></span> <span class='ocrx_word' id='word_1_203' title='bbox 596 2704 838 2755; x_wconf 72' lang='lat' dir='ltr'><strong>cuintina</strong></span> <span class='ocrx_word' id='word_1_204' title='bbox 858 2719 1077 2771; x_wconf 84' lang='lat' dir='ltr'><strong>quoque</strong></span> <span class='ocrx_word' id='word_1_205' title='bbox 1099 2705 1365 2756; x_wconf 84' lang='lat' dir='ltr'><strong>montium</strong></span> <span class='ocrx_word' id='word_1_206' title='bbox 1390 2705 1542 2756; x_wconf 81' lang='lat' dir='ltr'><strong>invia</strong></span> <span class='ocrx_word' id='word_1_207' title='bbox 1561 2708 1619 2756; x_wconf 82' lang='lat' dir='ltr'><strong>et</strong></span> <span class='ocrx_word' id='word_1_208' title='bbox 1641 2713 1733 2752; x_wconf 79' lang='lat' dir='ltr'><strong>so·</strong></span> 
     </span>
    </p>
   </div>
  </div>
 </body>
</html>
