2033 3044
312 177 621 231 NATUR.
662 177 1008 230 HISTOR.
1047 177 1211 230 LIB.
1245 177 1440 230 XXIV.
1477 179 1559 230 2-
1586 178 1638 230 6.
1748 175 1782 229 3

174 296 295 334 cum
318 281 470 334 salsa
488 282 735 350 axungia
754 289 931 334 sanat.
1002 279 1442 334 Vehementiora
1462 285 1590 332 sunt
1608 282 1784 348 ligna,

176 358 231 404 et
252 355 312 402 in
338 353 593 403 omnibus
616 359 807 408 cortex
828 353 965 418 ipse,
980 352 1284 418 corticique
1305 355 1495 402 tunica
1516 353 1781 402 subiecta.

178 421 339 472 Haec
368 421 602 472 decocta
640 421 797 470 iuvat
829 421 1124 472 coeliacos.
1197 421 1584 486 Dysentericis
1614 421 1785 472 etiam

176 490 439 551 illinitur,
461 489 554 540 vel
581 493 704 555 ipsa
726 490 901 556 glans.
975 491 1298 556 Eademque
1327 489 1541 540 resistit
1561 505 1787 556 serpen·

176 559 317 609 tium
342 561 571 620 ictibus,
615 558 1046 622 rheumatismis,
1089 559 1608 626 suppurationibus.
1680 559 1788 608 Fo-

176 627 271 690 lia,
292 633 350 678 et
370 630 595 688 baccae,
616 627 705 678 vel
727 635 936 690 cortex,
978 629 1067 680 vel
1093 645 1288 680 succus
1313 629 1534 680 decocti
1557 633 1788 694 prosunt

178 704 369 748 contra
390 698 604 748 toxica.
678 698 883 748 Cortex
916 697 1156 749 illinitur
1195 697 1462 749 decoctus
1497 697 1642 747 lacte
1661 711 1788 747 vac·

180 767 321 826 cino,
338 767 621 830 serpentis
642 765 859 832 plagae.
931 765 1117 818 Datur
1139 773 1198 820 et
1221 780 1290 818 ex
1315 767 1444 818 vino
1469 765 1784 834 dysenteri-

180 835 276 886 cis.
344 835 562 886 Eadem
588 841 646 885 et
668 835 780 885 ilici
801 836 901 886 vis.
1357 873 1366 880 .

242 902 337 954 IV.
378 905 619 956 Coccum
643 903 811 966 ilicis,
845 903 1168 954 vulneribus
1189 905 1503 957 recentibus
1527 919 1596 956 ex
1618 909 1783 956 aceto

181 971 501 1038 imponitur.
576 973 875 1038 Epiphoris
916 987 984 1024 ex
1025 987 1193 1038 aqua,
1233 981 1292 1024 et
1333 975 1510 1026 oculis
1553 973 1786 1024 suffusis

180 1042 463 1108 sauguine,
486 1041 819 1092 instillatur.
891 1043 995 1093 Est
1018 1049 1203 1093 autem
1229 1057 1403 1109 genus
1427 1057 1496 1094 ex
1527 1057 1594 1094 eo
1617 1043 1671 1092 in
1692 1044 1787 1093 At-

182 1113 285 1162 tica
306 1110 431 1163 fere
450 1116 507 1162 et
524 1111 657 1160 Asia
679 1125 930 1174 nascens,
952 1113 1240 1163 celerrime
1262 1113 1320 1162 in
1342 1111 1704 1163 vermiculum
1725 1124 1788 1162 se

180 1187 418 1243 munus,
458 1179 613 1246 quod
632 1180 758 1232 idco
778 1181 1054 1232 scolecion
1077 1187 1296 1244 vocant,
1332 1183 1786 1250 improbantque.

184 1249 528 1315 Principalia
549 1251 670 1302 eius
696 1265 899 1317 genera
921 1249 1180 1300 diximus.

242 1317 313 1368 V.
350 1319 473 1370 Nec
494 1322 761 1384 pauciora
792 1319 979 1386 gallae
1008 1333 1214 1386 genera
1233 1319 1481 1383 fecimus,
1525 1319 1790 1382 solidam,

184 1387 561 1453 perforatame
598 1391 731 1439 item
756 1389 957 1448 albam,
998 1391 1234 1454 nigram,
1271 1391 1563 1452 maiorem,
1605 1390 1784 1440 mino-

184 1471 315 1508 rem.
388 1457 493 1510 vis
536 1458 783 1510 omnium
824 1457 1039 1508 similis.
1122 1458 1351 1525 Optima
1392 1461 1813 1527 Commagena..

184 1528 583 1581 Excrescentia
610 1528 665 1577 in
697 1542 928 1593 corpore
961 1526 1187 1578 tollunt.
1261 1528 1503 1579 Prosunt
1526 1529 1786 1596 gingivis,

184 1610 338 1657 uvae,
382 1596 501 1647 oris
532 1596 986 1648 exhulcerationi.
1062 1597 1352 1651 crematae
1388 1599 1522 1649 etin
1545 1601 1674 1649 vino
1695 1612 1787 1649 ex-

184 1666 443 1727 stinctae,
478 1665 777 1729 coeliacis,
817 1664 1184 1731 dysentericis
1227 1667 1548 1719 illinuntur.
1621 1668 1789 1719 Paro·

184 1733 399 1800 nycbiis
444 1748 515 1785 ex
554 1735 751 1795 melle,
792 1741 851 1787 et
890 1734 1171 1799 unguibus
1210 1738 1450 1797 scabris,
1491 1737 1786 1803 pterygiiS,

184 1799 503 1855 hulceribus
563 1804 935 1865 manantibus,
974 1802 1407 1869 condylomatis,
1463 1806 1786 1856 vulneribus

186 1886 323 1937 quae
344 1870 765 1938 phagedaenica
792 1878 1082 1925 vocantur.
1155 1872 1219 1921 Iu
1254 1874 1382 1922 vino
1415 1878 1598 1923 autem
1625 1874 1786 1923 dcco-

187 1946 306 1994 ctae
348 1942 580 1992 auribus
606 1942 974 2004 instillantur,
1016 1940 1195 1991 oculis
1230 1941 1554 1992 illinuntur:
1595 1942 1788 1993 adver-

184 2024 273 2062 sus
294 2008 650 2075 eruptiones,
698 2016 755 2062 et
774 2026 947 2077 panos
969 2025 1092 2061 cum
1123 2017 1301 2062 aceto.
1373 2010 1616 2063 Nucleus
1639 2026 1785 2062 com-

186 2078 553 2131 manducatus
583 2080 835 2131 dentium
872 2079 1124 2130 dolorem
1146 2080 1334 2130 sedat:
1373 2080 1506 2131 item
1531 2082 1784 2132 intertri-

184 2148 360 2214 gines,
404 2154 465 2199 et
484 2148 755 2199 ambusta.
831 2149 1163 2200 Immaturae
1187 2164 1256 2200 ex
1289 2148 1374 2199 his
1407 2164 1474 2201 ex
1499 2158 1660 2201 aceto
1685 2166 1784 2215 po-

184 2224 289 2278 tae,
312 2218 517 2270 lienem
543 2224 891 2268 consumunt.
962 2218 1206 2269 Eaedem
1229 2230 1524 2278 crematae,
1547 2224 1604 2269 et
1626 2224 1786 2269 aceto

184 2286 329 2337 salso
372 2286 709 2347 exstinctae,
754 2301 971 2338 menses
996 2288 1221 2347 sistunt,
1265 2288 1568 2353 vulvasque
1607 2287 1788 2352 proci-

188 2354 381 2407 dentes
404 2354 547 2406 fotu.
618 2356 811 2407 Omnis
843 2355 1078 2420 capillos
1099 2356 1374 2422 denigrat.

250 2422 346 2474 Vl.
382 2424 612 2477 Viscum
638 2440 673 2475 e
690 2425 893 2475 robore
930 2428 1285 2489 praecipuum
1310 2424 1552 2475 diximus
1575 2423 1789 2487 haberi,

188 2497 243 2541 et
276 2508 389 2559 quo
434 2494 803 2545 conficeretur
843 2494 1026 2544 modo.
1121 2494 1355 2555 Quidam
1394 2500 1686 2545 contusum
1733 2495 1788 2543 in

188 2574 329 2627 aqua
350 2562 693 2629 decoquunt,
734 2564 911 2614 donec
944 2563 1178 2614 innatet.
1253 2562 1490 2623 Quidam
1515 2578 1792 2615 comman-

190 2628 452 2683 ducantes
488 2633 701 2693 acinos,
742 2642 1020 2697 exspuunt
1052 2633 1307 2683 cortices.
1379 2634 1663 2699 Optimum
1689 2638 1791 2692 est,

190 2698 331 2765 quod
369 2702 493 2755 sine
535 2702 749 2755 cortice
792 2708 897 2763 est,
936 2706 1192 2768 quodque
1231 2702 1591 2820 Ιοῖεἳεὶηιυηι,
1631 2706 1792 2753 extra
