2033 3044
233 150 541 206 NATUR.
564 153 902 208 HlsTOR.
923 153 1089 207 LlB.
1108 154 1357 206 xxvm.
1398 153 1483 207 33.
1505 154 1590 208 34.
1660 152 1767 213 183

169 256 396 309 morinis
425 256 654 323 lapillis,
691 263 790 309 aut
820 272 941 309 cum
979 259 1199 323 ptisana
1230 256 1555 311 hordeacea.
1625 259 1767 325 Item

169 325 238 377 ad
253 325 516 377 rosiones
541 324 948 387 intestinorum,
992 326 1257 377 bubulum
1281 330 1378 377 aut
1402 326 1631 379 ovillum
1659 330 1766 381 uti-

165 394 292 449 lius.
365 395 579 445 Recens
622 409 839 462 quoque
885 395 1257 461 dysentericis
1297 393 1632 448 infunditurt
1692 398 1767 450 ad

167 461 350 515 colum
373 469 581 525 autem,
624 464 876 515 crudum=
916 463 1051 515 item
1072 464 1288 525 vulvae,
1330 470 1387 515 et
1406 470 1637 530 propter
1656 482 1767 519 ser·

163 532 412 597 pentium
435 532 606 584 ictus:
645 533 870 599 potisve
885 534 1285 599 pityocampes,
1323 533 1621 599 buprestis,
1642 550 1769 587 can.

161 599 468 661 tlh-aridum,
491 608 588 651 aut
609 601 992 653 salamandrae
1013 604 1251 653 venenis.
1310 602 1573 653 Privatim
1597 604 1768 655 bubu-

159 670 278 721 lum
299 668 509 736 bis-qui
533 669 832 723 Colchicon
852 671 1114 733 biberint,
1153 678 1250 722 aut
1272 674 1527 734 cicutam,
1550 678 1649 723 aut
1673 674 1768 725 do·

155 740 434 807 rycnium,
455 745 553 790 aut
575 740 822 806 leporem
846 740 1143 793 marinumt
1183 740 1324 791 sicut
1345 740 1617 791 asininum
1638 757 1767 793 con-

157 812 252 861 tra
269 806 532 875 gypsum,
573 815 629 860 et
659 824 962 869 cerussam,
1007 815 1065 861 et
1096 808 1347 875 sulphur,
1392 817 1449 859 et
1468 816 1765 875 argentum

157 878 376 929 vivum:
416 877 550 929 item
574 877 746 931 durae
767 879 894 929 alvo
920 879 978 929 in
999 876 1160 929 febri.
1208 878 1609 945 Gargarizatnr
1631 894 1764 945 quo-

157 961 264 1012 que
287 944 546 998 faucibus
579 946 948 1000 exhulceratis
979 945 1294 997 utilissime.
1366 950 1439 998 Et
1456 947 1670 998 bibitur
1691 952 1761 1001 ab

155 1016 551 1067 imbecillitate
571 1017 716 1068 vires
736 1016 1210 1083 recolligentibus,
1224 1029 1360 1081 quos
1380 1014 1647 1080 atrophos
1667 1034 1763 1068 vo-

157 1091 318 1137 mntz
361 1087 424 1136 in
441 1084 582 1136 febri
605 1087 772 1139 etiam
797 1101 938 1152 quae
955 1091 1143 1136 careat
1165 1083 1359 1149 dolore
1386 1085 1601 1149 capitis.
1626 1086 1762 1138 Pue-

153 1154 238 1208 ris
269 1160 408 1205 ante
438 1153 634 1216 cibum,
675 1155 840 1205 lactis
867 1153 1064 1205 asinini
1104 1150 1377 1203 heminam
1413 1154 1548 1215 dari,
1592 1160 1688 1206 sut
1710 1155 1761 1205 si

153 1224 346 1275 exitus
369 1222 480 1275 cibi
500 1224 754 1275 rosiones
773 1223 1051 1275 sentirent
1064 1256 1079 1283 ,
1120 1222 1331 1287 antiqui
1353 1223 1409 1271 in
1430 1226 1646 1274 arcanis
1667 1222 1760 1275 ha-

153 1292 430 1345 buerunt:
469 1292 518 1341 si
555 1292 658 1343 hoc
697 1307 810 1343 non
847 1299 1013 1353 esset,
1045 1294 1271 1357 caprini.
1344 1292 1545 1344 Bubnli
1573 1308 1761 1345 serum

155 1359 544 1427 orthopnoicis
563 1360 792 1429 prodest
825 1367 952 1413 ante
988 1366 1194 1421 cetera,
1239 1359 1434 1413 addito
1457 1364 1756 1414 nasturtio.

153 1432 507 1497 Inunguntur
537 1431 706 1481 etiam
748 1430 910 1491 oculi,
949 1435 1016 1481 in·
1038 1430 1201 1480 lactis
1241 1428 1477 1497 heminis
1505 1447 1759 1484 sesamae

152 1499 374 1552 additis
411 1497 688 1552 drachmis
719 1505 956 1568 quatuor
976 1499 1129 1550 tritis
1154 1501 1207 1550 in
1229 1499 1583 1564 lippitudine.
1659 1503 1759 1552 Ca·

151 1570 324 1637 prino
347 1568 522 1620 lienes
541 1575 823 1630 sanantur,
867 1574 993 1634 post
1022 1566 1179 1617 bidui
1206 1566 1452 1620 inediam
1478 1573 1647 1621 tertia
1666 1570 1759 1621 die

153 1639 332 1692 edera
351 1642 527 1705 pastis
549 1639 748 1704 capris,
789 1653 888 1703 per
910 1635 1159 1688 triduum
1180 1644 1313 1700 poto
1338 1639 1457 1690 sinc
1480 1639 1589 1690 alio
1614 1640 1755 1692 cibo.

151 1706 355 1760 Lectis
376 1722 509 1757 usus
531 1707 670 1758 alias
691 1707 1002 1758 contrarius
1027 1704 1225 1768 capitis
1247 1703 1554 1769 doloribus,
1594 1705 1757 1771 hepa-
1799 1725 1811 1735 ·

151 1777 310 1838 ticis,
350 1774 631 1842 splenicis,
673 1789 964 1828 nervorum
1005 1773 1161 1833 vitio,
1206 1772 1387 1823 febres
1416 1771 1758 1836 habentibus,

152 1845 438 1912 vertigini,
462 1852 844 1912 praeterquam
867 1841 1211 1909 purgationis
1231 1843 1435 1907 gratia,
1455 1840 1758 1905 gravedini,

153 1913 546 1976 tussientibus,
589 1915 768 1980 lippis.
841 1911 1073 1963 Suillum
1106 1909 1465 1960 utilissimum
1489 1914 1758 1971 tenesm0,

155 1983 544 2051 dysenteriae,
573 1997 675 2036 nec
696 1998 803 2033 non
829 1979 1139 2047 phthisicis.
1210 1979 1337 2030 Hoc
1357 1983 1413 2030 et
1438 1979 1756 2029 mulieribus

155 2052 586 2104 saluberrimum
611 2055 706 2118 qui
726 2051 988 2111 dicerent,
1011 2050 1255 2100 fuerunt.

223 2119 487 2174 xxxlv.
527 2121 612 2172 De
634 2121 928 2187 generibus
952 2131 1237 2170 caseorum
1258 2113 1515 2182 diximus,
1541 2129 1661 2165 cum
1688 2114 1758 2166 de

153 2189 424 2242 uberibus
443 2189 785 2256 singulisque
809 2188 1128 2240 animalium
1153 2187 1413 2237 membris
1434 2185 1757 2236 diceremus.

156 2259 388 2311 Sextius
411 2258 636 2310 eosdem
659 2257 894 2310 effectus
916 2257 1139 2322 equino,
1162 2269 1298 2320 quos
1318 2254 1545 2316 bubulo,
1567 2253 1758 2304 tradit.

155 2328 556 2380 Huncvocant
595 2324 897 2392 hippacem.
970 2322 1269 2378 Stomacho
1306 2324 1492 2385 utiles,
1533 2323 1625 2388 qui
1652 2337 1761 2372 non

154 2398 270 2449 sint
292 2397 450 2459 salsi,
486 2393 544 2446 id
581 2403 683 2456 est,
709 2400 987 2446 recentes.
1060 2391 1295 2445 Veteres
1328 2393 1509 2442 alvum
1532 2392 1758 2453 sistunt,

157 2479 468 2532 corpusque
489 2467 758 2525 minuunt,
779 2460 1069 2514 stomacho
1102 2460 1381 2512 utiliores:
1421 2466 1480 2512 et
1498 2460 1555 2510 in
1578 2466 1755 2511 totum

159 2536 312 2588 salsa
334 2535 595 2587 minuunt
619 2547 835 2599 corpus,
876 2533 1036 2584 alunt
1053 2530 1267 2581 moliia.
1340 2529 1544 2581 Caseus
1566 2544 1757 2582 reeens

157 2617 282 2657 cum
313 2604 499 2667 melle,
537 2602 805 2669 sagiuata
835 2600 1119 2660 emendat,
1158 2597 1349 2649 mollis
1378 2598 1557 2650 alvum
1588 2599 1757 2650 sistit.

161 2672 339 2728 Sedet
353 2672 601 2728 tormina
620 2671 863 2737 pastillis
879 2673 936 2723 in
955 2669 1085 2722 vino
1107 2672 1330 2720 austero
1352 2667 1615 2732 decoctis,
1645 2681 1741 2720 rur
