2033 3044
263 148 365 202 2⁷8
606 148 664 200 C.
722 145 1003 200 PLINII
1067 145 1430 220 SEcuNm

266 250 429 316 cipue
449 265 581 302 vero
600 250 813 304 lacerta
831 249 1086 312 dissecta,
1108 255 1170 301 ut
1193 249 1281 302 vel
1304 253 1471 314 caput
1492 247 1609 300 eius
1627 252 1820 300 tantum

268 326 561 372 contusum
606 335 729 372 cum
772 320 887 370 sale
929 320 1269 388 impositum.
1343 317 1616 370 cochleae
1655 333 1720 370 ex
1747 315 1824 366 his

268 403 407 456 quae
432 392 705 456 gregatim
726 387 866 439 folia
887 396 1186 451 sectantur,
1229 395 1495 440 contusae
1535 383 1827 453 impositae·

274 472 379 524 que
405 473 527 508 cum
551 461 728 520 testis,
752 463 809 509 et
832 473 931 510 eae
954 473 1094 524 quae
1117 457 1466 522 manduntur,
1495 463 1736 514 exemtae
1753 462 1824 506 te-

272 528 402 580 stis:
450 528 549 580 sed
586 544 705 578 cum
737 526 945 594 leporis
981 527 1211 595 coagulo
1249 520 1647 590 efficacissime.⁹
1708 527 1832 577 Ossa

272 599 532 666 anguium
556 596 786 650 eundem
811 613 931 648 eum
967 595 1202 666 coagulo
1227 597 1609 664 cuiuscunque
1623 593 1829 664 quadru-

272 667 429 734 pedis
454 667 601 717 intra
622 667 847 718 tertium
870 667 1013 718 diem
1035 663 1348 734 approbant
1369 665 1644 719 effectum.
1707 665 1830 717 Lau-

272 737 473 789 dantur
494 743 551 788 et
569 734 919 796 cantharides
942 731 1112 788 tritae
1133 751 1253 787 cum
1275 733 1458 786 farina
1480 733 1686 786 hordei.

341 805 537 859 XLlll.
572 807 631 857 ln
658 805 1019 857 muliebribus
1055 804 1216 860 malis
1259 805 1616 858 membranae
1639 819 1671 854 a
1690 807 1831 870 partu

274 876 457 928 ovium
483 870 794 941 proliciunt,
824 875 968 925 sicut
990 878 1045 924 in
1067 863 1249 941 ‘capris
1273 875 1588 926 retulimus.
1641 873 1834 926 Fimum

274 960 491 1014 quoque
514 944 784 1012 pecudum
819 943 1042 996 eosdem
1061 959 1195 1002 ,usus
1233 941 1416 996 habet.
1490 945 1834 996 Locustarum

273 1013 460 1066 suffitu
475 1016 822 1081 stranguriae
844 1013 1082 1064 maxime
1105 1011 1396 1065 mulierum
1419 1012 1692 1065 iuvantur.
1724 1011 1840 1064 Gal-

271 1084 609 1136 linaceorum
635 1090 805 1136 testes
828 1082 1060 1134 subinde
1082 1081 1132 1133 si
1149 1098 1183 1135 a
1201 1088 1470 1148 conceptu
1494 1083 1626 1134 edat
1648 1081 1840 1142 mulier,

272 1169 455 1206 mares
478 1155 533 1203 in
556 1161 715 1204 utero
740 1153 859 1204 lieri
882 1151 1156 1203 dicuntur.
1221 1151 1420 1202 Partus
1445 1160 1736 1218 conceptos
1755 1149 1844 1216 hy·

270 1224 497 1274 atricum
528 1221 667 1274 cinis
691 1229 854 1287 potus
876 1223 1158 1273 continet=
1199 1227 1447 1274 maturat
1479 1223 1728 1273 caninum
1761 1220 1841 1271 lac

272 1291 483 1360 potum,
524 1298 719 1342 evocat
746 1289 1066 1345 membrana
1083 1306 1113 1344 e
1135 1305 1328 1348 canum
1351 1293 1636 1354 secundis,
1676 1291 1722 1342 si
1747 1296 1843 1342 ter·

271 1375 388 1410 ram
415 1375 521 1410 non
544 1359 813 1424 attigerit.
883 1361 1129 1414 Lumbos
1152 1361 1580 1426 parturientium
1605 1367 1759 1428 potus
1771 1360 1845 1410 la-

273 1429 393 1490 ctis,
432 1429 917 1480 fimum-murinum
942 1445 1090 1496 aqua
1108 1428 1294 1496 pluvia
1315 1430 1557 1481 dilutum
1599 1443 1846 1482 mammas

273 1499 565 1551 mulierum
588 1513 621 1550 a
642 1506 805 1565 partu
824 1505 1104 1553 tumentes
1123 1500 1319 1551 reiicit.
1368 1500 1526 1553 Cinis
1549 1499 1850 1554 herinaceo-

272 1585 391 1621 rum
419 1585 543 1621 cum
576 1568 701 1623 oleo
744 1580 1136 1636 perunctarum
1177 1569 1421 1622 custodit
1454 1577 1648 1637 partus
1672 1579 1851 1622 contra

274 1640 521 1696 abortus.
578 1638 820 1691 Facilius
843 1639 1143 1701 enituntur,
1173 1654 1310 1707 quae
1332 1638 1524 1691 fimum
1549 1640 1852 1693 anserinum

275 1726 397 1761 cum
415 1724 588 1775 aquae
611 1709 828 1776 cyathis
850 1708 1064 1769 duobus
1085 1710 1372 1761 sorbuere:
1410 1716 1509 1761 aut
1534 1726 1604 1763 ex
1623 1709 1852 1763 utriculo

273 1780 577 1831 mustelino
621 1794 718 1845 per
756 1776 993 1847 genitale
1021 1773 1322 1844 ‚effluentes
1365 1774 1558 1845 aquas.
1611 1774 1855 1832 'vermes

275 1851 483 1901 terreni
506 1849 652 1907 illiti,
695 1865 763 1902 ne
804 1848 1034 1901 cervicis
1053 1848 1514 1916 scapularumque
1539 1851 1695 1904 nervi
1713 1848 1856 1901 dole·

275 1925 391 1981 ant,
424 1923 725 1985 praestant.
797 1918 1008 1970 Graves.
1048 1916 1313 1969 secundas
1355 1918 1573 1985 pellunt
1610 1920 1670 1971 in
1699 1933 1855 1990 passo

272 1992 409 2057 poti.
480 1987 649 2039 Iidem
690 2002 788 2053 per
806 2004 866 2039 se
887 1988 1155 2053 impositi,
1195 1986 1558 2049 mammarum
1602 1990 1859 2057 suppura-

274 2059 453 2109 tiones
486 2064 833 2122 concoquunt
864 2056 923 2108 et'
940 2056 1216 2124 aperiunt,
1251 2056 1686 2127 extrahuntque,
1715 2066 1774 2111 et
1791 2056 1860 2111 ad

274 2129 589 2181 cicatricem
614 2126 936 2191 perducunt.
1007 2126 1125 2181 Lac
1147 2126 1417 2179 devocant
1439 2128 1562 2195 poti
1583 2145 1705 2180 cum
1729 2128 1862 2181 mul·

276 2213 356 2249 so·
428 2196 791 2249 Inveniuntur
823 2203 878 2247 et
918 2196 1220 2264 vermiculi,
1261 2197 1355 2266 qui
1379 2199 1679 2268 adalligati
1699 2198 1864 2261 collo,

276 2267 557 2318 continent
577 2271 811 2330 partum.
882 2264 1264 2323 Detrahuntur
1298 2266 1486 2325 au'tem
1525 2270 1628 2337 sub
1672 2275 1862 2335 partu:

276 2336 419 2386 alias
442 2334 577 2385 eniti
617 2348 723 2383 non
753 2334 1099 2401 patiuntur.„
1130 2334 1440 2401 Cavendum
1485 2338 1656 2389 etiam
1699 2354 1768 2389 ne
1805 2337 1866 2388 in

276 2408 427 2455 terra
450 2409 743 2468 ponantur.
817 2402 1124 2471 Conceptus
1157 2408 1372 2476 quoque
1395 2404 1564 2467 causa
1587 2408 1789 2459 dantur
1805 2406 1866 2458 in

274 2476 415 2535 potu
438 2472 589 2536 quini
610 2477 705 2525 aut
724 2476 955 2540 septeni.
1013 2474 1286 2527 cochleae
1305 2476 1361 2526 in
1387 2476 1509 2526 cibo
1535 2484 1750 2529 sumtae
1771 2492 1862 2527 ac-

276 2537 523 2588 celerant
565 2547 783 2611 partum
806 2561 819 2593 ε
861 2544 995 2597 item
1037 2556 1357 2615 conceptum
1399 2546 1698 2612 impositae
1741 2562 1866 2597 cum

278 2617 457 2655 croco·
495 2670 509 2683 .
531 2608 771 2680 Eaedem
808 2626 875 2663 ex
916 2612 1105 2679 amylo
1150 2620 1206 2665 et
1249 2610 1620 2683 tragacantha
1661 2614 1866 2679 illitae,

277 2666 548 2723 ¹viroliuvia
570 2676 789 2729 sistunt.
863 2681 1102 2733 Prosunt
1124 2694 1181 2759 et
1202 2680 1628 2751 purgationibus
1647 2693 1866 2739 sumtae
