2033 3044
281 172 350 225 42
673 171 737 221 C.
779 168 1057 222 PLan
1111 164 1485 221 SECUNDI

277 287 475 326 necare
497 271 739 323 traditur
758 272 814 322 in
840 272 1145 339 Babylonis
1164 270 1423 339 regione.
1466 268 1523 320 id
1547 268 1693 337 quod
1714 266 1877 321 iuxta

277 343 391 394 vias
411 342 674 392 nascitur.

346 410 508 461 CXX.
550 410 666 462 Nec
696 410 860 460 foeno
883 408 1098 459 Graeco
1132 408 1315 459 minor
1352 410 1687 469 auctoritas,
1730 406 1878 474 quod

271 478 411 531 t'elin
432 486 652 539 vocant,
687 478 786 530 alii
809 474 1070 543 carphos:
1103 477 1276 544 aliqui
1301 479 1555 537 bucerus,
1580 476 1677 547 alii
1703 492 1871 545 aego-

274 563 451 611 ceras,
473 550 731 615 quoniam
757 546 1055 598 corniculis
1076 562 1263 599 semen
1287 554 1373 599 est
1396 546 1595 607 simile,
1638 562 1743 597 nos
1764 547 1878 598 sili·

276 618 442 671 ciam:
489 616 766 685 quomodo
791 622 1088 675 sereretur,
1121 630 1221 666 suo
1246 616 1372 667 loco
1396 614 1699 667 docuimus.
1776 616 1876 669 Vis

275 689 395 740 eius
419 686 646 746 siccare,
668 684 907 747 mollire,
929 682 1257 737 dissolvere.
1317 684 1521 737 Succus
1548 684 1765 737 decocti
1793 684 1874 737 fe-

277 758 548 807 minarum
573 754 820 821 pluribus
844 754 1004 805 malis
1027 754 1307 806 subvenit:
1349 754 1465 805 sive
1484 754 1718 816 duritia,
1760 757 1877 807 sire

275 832 478 887 tumor,
493 824 608 875 sive
626 826 932 874 contractio
955 823 1032 873 sit
1054 823 1266 885 vulvae,
1284 822 1568 883 foventur,
1589 822 1869 873 insidunt:

276 894 518 945 infusum
542 907 760 960 quoque
783 890 1029 958 prodest.
1059 890 1325 943 Fui-fures
1345 890 1401 942 in
1422 891 1567 943 facie
1588 898 1869 945 extenuat.

279 962 467 1030 Spleni
492 962 681 1015 addito
703 962 848 1012 nitro
873 962 1160 1013 decoctum
1188 969 1244 1013 et
1264 961 1584 1027 impositum
1601 962 1861 1013 medetur

277 1034 416 1085 ltem
441 1044 509 1083 ex
539 1038 714 1083 aceto.
789 1030 880 1081 Sic
915 1037 970 1082 et
1005 1032 1237 1081 iocineri
1265 1030 1573 1081 decoctum.
1646 1028 1879 1085 Diocles

280 1100 504 1155 difficile
528 1100 869 1167 parientibus
891 1115 1079 1151 semen
1100 1100 1219 1151 eius
1241 1098 1395 1151 dedit
1420 1098 1704 1151 acetabuli
1722 1116 1875 1153 men-

279 1184 414 1225 sura
435 1170 627 1221 tritum
665 1172 720 1220 in
757 1183 954 1221 novem
980 1166 1199 1235 cyathis
1220 1184 1404 1235 sapae,
1448 1174 1509 1221 ut
1532 1184 1653 1219 cum
1676 1170 1881 1223 tertias

318 1246 465 1289 artes
486 1238 749 1299 biberint,
795 1237 979 1289 calida
1008 1238 1355 1289 lavarentur:
1398 1244 1455 1289 et
1476 1238 1535 1288 in
1556 1237 1764 1290 balneo
1788 1256 1877 1290 su·-

321 1305 540 1357 antibus
585 1306 870 1358 dimidium
911 1322 977 1358 ex
1010 1306 1212 1361 relicto
1242 1308 1446 1360 iterum
1472 1306 1653 1357 dedit:
1691 1323 1825 1360 mox
1849 1323 1883 1360 a

279 1376 478 1427 balneo
499 1375 792 1442 reliquum,
814 1391 914 1442 pro
939 1389 1155 1427 summo
1176 1376 1405 1429 auxilio.
1444 1374 1705 1441 Farinam
1730 1378 1883 1429 foeni

280 1444 481 1495 Graeci
507 1460 630 1495 cum
653 1444 882 1507 hordeo,
923 1452 1019 1495 aut
1058 1446 1153 1496 lini
1192 1448 1402 1497 semine
1423 1445 1709 1497 decoctam
1737 1463 1881 1515 aqua

278 1514 458 1566 mulsa
481 1520 675 1572 contra
701 1514 894 1567 vulvae
919 1519 1193 1568 cruciatus
1216 1515 1469 1568 subiecit.
1542 1514 1679 1567 Item
1703 1514 1867 1584 impe·

280 1584 392 1634 suit
413 1585 524 1634 imo
545 1585 746 1635 ventri.
819 1585 1047 1651 Lepras‚
1086 1585 1405 1653 lentigines,
1448 1582 1727 1651 sulphuris
1755 1589 1883 1652 pari

280 1653 540 1719 portione
562 1654 738 1705 mixta
759 1651 938 1704 farina
960 1655 1194 1719 curavit,
1224 1655 1369 1706 nitro
1392 1661 1519 1706 ante
1543 1666 1883 1722 praeparata

279 1729 436 1784 cute,
475 1725 696 1788 saepius
737 1722 827 1776 die
866 1723 1118 1786 illinens,
1178 1727 1515 1792 perungique
1556 1723 1879 1789 prohibens.

279 1789 612 1843 Theodorus
648 1791 819 1844 foeno
862 1793 1086 1844 miscuit
1122 1802 1373 1860 quartam
1411 1798 1627 1860 partem
1651 1797 1885 1860 purgati

278 1861 544 1913 nasturtii
569 1862 839 1913 acerrimo
862 1868 1019 1913 aceto
1057 1862 1125 1914 ad
1161 1863 1361 1932 lepras.
1433 1861 1652 1913 Damon
1688 1878 1883 1916 semen

276 1930 429 1982 foeni
452 1932 728 1982 acetabuli
752 1931 965 1982 dimidii
987 1947 1248 1984 mensura
1290 1947 1410 1985 cum
1434 1946 1601 1998 sapae
1624 1935 1682 1982 et
1700 1948 1884 2000 aquae

278 2015 473 2051 novem
498 1998 718 2068 cyathis
744 2001 813 2052 ad
837 2017 1051 2054 menses
1073 2003 1299 2060 ciendos
1338 2001 1497 2052 dedit
1531 2007 1686 2067 potu.
1764 2001 1885 2056 Nec

277 2067 583 2131 dubitatur,
632 2071 762 2135 quin
801 2071 1085 2122 decoctum
1112 2071 1232 2123 eius
1274 2071 1638 2122 utilissimum
1661 2071 1739 2121 sit
1762 2071 1885 2124 vul·

276 2138 382 2198 vis,
405 2139 812 2205 interaneisque
836 2138 1240 2192 exhulceratis:
1271 2141 1437 2193 sicuti
1457 2155 1645 2194 semen
1669 2141 1883 2192 articu-

275 2208 346 2258 lis
373 2214 538 2274 atque
559 2209 917 2272 praecordiis.
992 2207 1049 2260 Si
1075 2225 1203 2260 vero
1228 2225 1349 2262 cum
1396 2210 1579 2260 malva
1599 2207 1883 2278 decoqua-

277 2283 390 2338 tur,
413 2285 606 2343 postea
630 2272 820 2329 addito
843 2277 1027 2328 mulso
1052 2285 1233 2344 potus,
1246 2287 1376 2332 ante
1398 2286 1583 2331 cetera
1602 2279 1887 2332 vulvisiu·

277 2347 632 2411 teraneisque
653 2345 936 2399 laudatur:
979 2347 1179 2414 quippe
1202 2365 1321 2400 cum
1345 2363 1520 2414 vapor
1542 2363 1762 2416 quoque
1788 2349 1885 2404 de-

280 2418 426 2464 cocti
451 2413 744 2480 plurimum
769 2417 970 2482 prosit:
1015 2417 1337 2484 alarumque
1360 2418 1529 2470 etiam
1555 2419 1888 2484 graveolen-

279 2481 414 2530 tiam
441 2483 726 2532 decoctum
754 2483 903 2536 foeni
927 2485 1197 2538 emendat.
1224 2487 1429 2540 Farina
1453 2486 1766 2555 porrigines
1789 2506 1883 2544 ca-

279 2548 413 2612 pitis
437 2549 782 2618 furfuresque
807 2567 927 2604 cum
965 2556 1093 2604 vino
1136 2562 1192 2606 et
1229 2556 1380 2608 nitro
1423 2556 1682 2608 celeriter
1705 2558 1887 2611 tollit.

280 2616 343 2665 ln
365 2611 733 2678 hydromelite
773 2627 953 2672 autern
980 2624 1212 2676 decocta
1248 2624 1441 2677 addita
1462 2626 1706 2692 axungia
1728 2629 1890 2695 geni·
2015 2669 2016 2676 ,

281 2681 492 2733 talibus
511 2683 766 2739 luedetur
786 2709 798 2737 ε
821 2690 954 2741 item
975 2706 1139 2757 pano,
1163 2695 1424 2759 parotidi,
1448 2695 1750 2764 podagrae,
1770 2695 1886 2750 chi·
