2033 3044
259 144 362 198 150
639 143 700 196 c.
755 139 1030 196 PLINn
1062 105 1477 191 '81:011an

256 247 456 300 siliunt
477 247 722 313 pinguia,
745 245 812 296 ad
836 250 1042 297 terram
1064 241 1321 302 infracta,
1360 239 1538 291 odore
1559 239 1855 303 medicato,

261 322 320 369 et
341 329 464 368 cum
485 316 721 382 quadam
744 311 1327 372 acrimonia-iucundo,
1350 309 1622 360 coloroin
1640 309 1853 362 luteum

257 387 671 454 languescente,
695 385 970 452 capitibus
991 382 1231 435 caulium
1252 379 1605 448 orbiculatis,
1646 387 1713 430 ut
1726 393 1851 434 aas·

253 455 366 506 thie
405 457 615 508 semine
636 455 894 516 rotundo,
933 454 1114 522 nigro,
1152 451 1299 517 quod
1322 449 1533 501 arescit
1552 449 1855 517 incipiente

259 527 494 578 aestate.
568 525 744 576 Radix
767 537 982 592 quoque
1004 522 1263 582 odorata,
1286 526 1451 588 gustu
1475 517 1854 579 acrimordet,

255 608 502 656 succosa,
523 595 729 645 mollis.
795 595 1002 644 Cortex
1024 596 1143 644 eius
1164 590 1303 642 foris
1324 589 1504 656 niger,
1522 589 1679 640 intus
1697 589 1855 656 >palli-

257 665 379 716 dus.
453 665 609 718 Odor
631 661 888 731 myrrhae
910 662 1079 714 habet
1096 660 1473 729 qualitatemt
1514 658 1664 711 uude
1688 666 1853 710 που·

259 748 400 788 men.
472 733 738 787 Nascitur
757 739 814 784 et
834 730 1131 784 insaxosis
1152 731 1411 792 collibus,
1430 734 1494 780 et
1516 729 1576 780 in
1598 729 1849 781 terrenis.

257 806 400 858 Usus
425 805 543 857 eius
563 803 928 857 excalfacere.
981 802 1205 852 Urinam
1223 807 1283 852 et
1306 811 1528 850 menses
1544 801 1702 850 cient
1724 798 1855 852 foiia

259 882 318 926 et
339 875 519 927 radix.
594 875 794 928 semen
827 873 1011 924 alvum
1042 871 1212 922 sistit.
1284 869 1465 920 Radix
1490 867 1851 921 collectiones

257 951 314 996 et
334 945 756 1012 suppurationes
790 958 899 994 non
918 950 1164 1002 veteres,
1204 941 1338 990 item
1362 937 1599 990 duritias
1622 938 1851 992 discutit

253 1015 424 1067 illita.
461 1015 696 1068 Prodest
714 1019 775 1066 et
796 1020 992 1065 contra
1009 1011 1314 1080 phalangia
1334 1025 1401 1060 ac
1420 1008 1850 1075 serpentes,·ad·

252 1087 430 1136 mixto
453 1083 658 1152 cachry
677 1091 778 1136 aut
802 1084 980 1150 polio,
1022 1090 1123 1134 aut
1141 1078 1602 1148 melissophyllo,
1642 1079 1705 1130 in
1726 1080 1847 1130 vino

252 1161 416 1220 pota:
458 1156 557 1206 sed
581 1156 973 1222 particulatim,
1007 1153 1267 1220 quoniam·
1287 1149 1655 1202 universitate
1676 1151 1847 1201 vomi-

249 1224 460 1276 tionem
485 1231 684 1276 movet.
710 1225 831 1286 Qua
853 1223 924 1275 de
941 1235 1109 1275 causa
1132 1219 1431 1288 aliquando
1454 1232 1581 1269 cum
1606 1225 1741 1270 ruta
1760 1217 1849 1270 da-

249 1299 358 1344 tur.
391 1293 652 1345 Medetur
670 1295 806 1345 tussi
831 1300 892 1344 et
908 1293 1292 1358 orthopnoeae
1312 1301 1523 1350 semen,
1546 1288 1644 1340 vel·
1657 1288 1845 1340 radix:

247 1363 382 1413 item
405 1361 666 1423 thoracis,
708 1371 803 1413 aut
822 1362 1023 1424 lienis‚⁴
1043 1369 1139 1414 aut
1158 1372 1370 1422 renum,
1414 1365 1511 1410 aut
1534 1361 1758 1411 vesicae
1776 1359 1845 1409 vi·

247 1432 362 1484 tiis.
435 1431 616 1483 Radix
637 1436 820 1483 autem
847 1433 1045 1499 ruptis,
1069 1430 1361 1484 convulsis.
1404 1429 1606 1480 Partus
1632 1443 1845 1496 quoque

247 1501 496 1565 adiuvat,
519 1508 578 1553 et
597 1503 870 1555 secundas
885 1503 1073 1569 pellit.
1098 1503 1279 1555 Datur
1302 1507 1360 1552 et
1379 1496 1845 1552 ischiadicis⁴cum

247 1570 496 1625 crethmo
523 1576 580 1624 in
603 1574 748 1625 vino.
807 1574 1048 1626 sudores
1070 1572 1180 1624 ciet
1202 1578 1257 1623 et
1276 1576 1492 1622 ructuse
1541 1571 1673 1622 ideo
1698 1568 1844 1622 iulia·

246 1644 458 1695 tionem
497 1642 769 1701 stomachi
813 1644 1057 1695 discutit.
1130 1642 1375 1695 Vulnera
1412 1640 1482 1691 ad
1522 1640 1841 1693 cicatricem

249 1712 515 1782 perducit.
541 1714 890 1781 Exprimitur
911 1720 970 1766 et
989 1725 1186 1764 succus
1206 1710 1400 1770 radici,
1422 1709 1584 1760 utilis
1606 1709 1841 1771 feminis,

249 1792 306 1837 et
336 1784 594 1836 thoracis
636 1784 1199 1851 praecordiorumque
1242 1779 1575 1831 desideriis:
1618 1780 1842 1833 calfacit

245 1856 394 1907 enim
435 1860 492 1907 et
523 1856 834 1921 concoquit,
875 1860 931 1906 et
956 1858 1179 1919 purgat.
1254 1849 1453 1901 Semen
1479 1850 1843 1915 pecuiiariter

244 1924 569 1993 hydropicis
589 1924 754 1976 datur
775 1932 936 1990 potu:
977 1924 1178 1990 quibus
1198 1925 1256 1972 et
1276 1934 1471 1971 succus
1493 1919 1754 1983 illinitur,
1790 1924 1843 1972 et

244 1995 583 2063 malagmate
619 2010 650 2046 e
690 1995 900 2045 cortice
922 1991 1099 2043 arido.
1170 1990 1244 2041 Et
1268 1990 1338 2041 ad
1362 1989 1596 2041 obsonia
1616 1996 1841 2043 utuntur

247 2079 370 2114 cum
392 2065 571 2115 mulso
595 2069 651 2115 et
674 2064 817 2126 oleo,
860 2070 916 2115 et
935 2077 1089 2131 garo,
1132 2060 1372 2111 maxime
1404 2059 1461 2109 in
1483 2059 1655 2110 elixis
1676 2060 1840 2112 carni·

243 2134 363 2185 bus.
435 2134 611 2186 Sinon
633 2132 1015 2185 concoctiones
1036 2131 1193 2194 facit,
1236 2140 1435 2195 sapore
1456 2129 1748 2183 simillima
1764 2130 1839 2198 pi·

245 2204 379 2269 peri.
451 2203 661 2255 Eadem
683 2205 742 2253 in
767 2204 960 2254 dolore
984 2199 1256 2253 stomachi
1282 2198 1492 2251 efficax.

315 2274 427 2325 CX.
466 2272 775 2338 'telephion
809 2273 1133 2341 portulacae
1166 2269 1363 2322 similis
1410 2270 1587 2321 estet
1610 2270 1768 2322 caule
1786 2275 1840 2322 et

245 2340 416 2394 foliis.
489 2344 708 2395 Rami·a
728 2343 914 2395 radice
935 2342 1152 2408 septeni
1176 2340 1431 2391 octoni-vc
1455 2336 1741 2402 fruticant,
1762 2337 1839 2390 fo-

245 2410 344 2461 liis
369 2413 589 2472 crassis,
613 2414 880 2465 carnosis.
955 2410 1218 2463 Nascitur
1238 2411 1293 2459 in
1318 2407 1499 2469 cultis,
1524 2415 1583 2459 et
1602 2408 1837 2461 maxime

245 2479 398 2530 inter
415 2482 572 2532 vites.
644 2482 888 2534 illinitur
907 2481 1185 2548 lentigini,
1212 2485 1267 2531 et
1290 2494 1409 2530 cum
1432 2478 1664 2541 inaruit,
1690 2479 1835 2530 dete·

245 2548 408 2597 ritur.
460 2549 704 2600 lllinitur
728 2558 786 2603 et
803 2553 1083 2619 vitiligini,
1106 2551 1277 2600 ternis
1294 2546 1416 2600 fere
1438 2547 1739 2610 mensibus,
1756 2560 1835 2599 se·

247 2614 342 2695 ¹!i'.
358 2613 510 2665 horis
529 2614 710 2669 hoctis
735 2628 833 2672 aut
855 2622 991 2673 diei:
1027 2625 1223 2685 postea
1245 2617 1423 2668 farina
1446 2614 1835 2671 hon-descena-

245 2682 455 2734 ¹=mtur.
527 2684 792 2739 Medetur
811 2696 867 2742 et
889 2689 1209 2741 vulneribus
1232 2693 1291 2741 et
1314 2683 1532 2738 fistulis.
