2033 3044
245 166 279 217 2
635 165 692 215 C.
737 163 1023 217 PLlNlI
1058 164 1431 221 SECUNDI

243 266 638 319 Praedulcium
669 266 959 319 fastidium
985 269 1073 319 sal
1100 275 1395 337 temperat.
1465 269 1733 323 Nittosae
1752 278 1857 324 aut

243 352 466 388 amarae
497 351 692 402 aquae,
733 336 962 403 polenta
993 338 1191 389 addita
1222 340 1573 406 mitigantur,
1616 345 1680 391 ut
1700 340 1859 393 intra

241 406 382 458 duas
404 404 570 456 horas
593 406 711 457 bibi
733 407 965 472 possint.
1040 408 1163 469 Qua
1199 408 1268 459 de
1300 424 1469 461 causa
1498 408 1631 460 etin
1654 424 1861 461 saccos

239 476 492 527 vinarios
516 476 744 526 additur
773 476 1021 541 polenta.
1093 476 1305 528 Similis
1338 479 1421 528 vis
1458 477 1712 530 Rhodiae
1736 494 1858 531 cre-

240 553 350 606 tae,
393 544 451 597 et
473 545 711 612 argillae
737 547 994 597 nostrati.
1043 546 1355 598 Concordia
1374 548 1581 609 valent,
1604 563 1733 599 cum
1756 544 1859 614 pix

241 615 368 667 oleo
401 613 732 676 extrahitur,
772 614 991 680 quando
1035 622 1329 683 utrumque
1370 618 1584 683 pinguis
1616 623 1859 670 naturae

171 696 176 701 “
239 690 343 737 est.
416 685 612 736 Oleum
639 685 816 734 solum
841 685 984 737 calci
1004 682 1284 747 miscetur,
1311 685 1529 751 quando
1554 692 1861 753 utrumque

237 770 414 821 aquas
437 753 572 805 odit.
644 752 868 804 Gummi
892 763 1051 805 aceto
1074 752 1300 805 facilius
1324 756 1548 817 eluitur,
1570 762 1857 807 atramen-

237 831 358 874 tum
383 838 542 889 aqua.
613 823 909 875 Innumera
933 831 1231 889 praeterea
1253 824 1382 887 alia,
1407 840 1549 892 quae
1569 825 1686 876 suis
1708 824 1859 877 locis

239 892 498 945 dicentur
531 894 768 945 assidue.

312 963 462 1014 Hinc
490 968 622 1012 nata
653 961 947 1013 medicina.
1022 964 1180 1013 Haec
1211 963 1335 1014 sola
1368 968 1603 1015 naturae
1624 962 1859 1029 placue-

241 1038 331 1083 rat
353 1048 476 1085 esse
499 1033 747 1083 remedia
769 1037 963 1097 parata
983 1031 1171 1097 vulgo,
1212 1034 1437 1085 inventu
1459 1032 1670 1093 facilia,
1692 1047 1763 1083 ac
1782 1032 1865 1083 si·

242 1117 311 1153 nc
332 1102 631 1168 impendio,
653 1108 710 1153 et
731 1102 930 1168 quibus
950 1101 1209 1153 vivimus.
1284 1102 1491 1153 Postea
1515 1101 1740 1153 fraudes
1762 1099 1869 1153 ho-

241 1170 451 1222 minum
493 1177 550 1221 et
585 1172 934 1237 ingeniorum
994 1170 1551 1235 capturaeaeofficinas
1592 1171 1868 1224 invenere

242 1242 405 1303 istas,
449 1240 509 1289 in
536 1241 733 1305 quibus
758 1256 864 1291 sua
887 1240 1085 1306 cuique
1110 1239 1317 1291 homini
1341 1241 1554 1293 venalis
1575 1240 1865 1308 promitti·

244 1320 339 1360 tur
365 1309 494 1359 vita.
567 1307 772 1359 Statim
815 1310 1254 1375 compositiones
1279 1316 1337 1361 et
1378 1311 1655 1361 mixturae
1696 1309 1865 1361 inex-

244 1378 538 1445 plicabiles
571 1377 958 1431 decantantur.
1034 1380 1241 1431 Arabia
1272 1386 1442 1446 atque
1485 1379 1644 1431 ludia
1662 1378 1721 1428 in
1742 1394 1866 1431 me-

245 1448 337 1500 dio
379 1448 778 1499 aestimantur:
818 1448 1144 1514 hulcerique
1176 1464 1350 1517 parvo
1382 1448 1657 1500 medicina
1684 1462 1720 1498 a
1750 1448 1870 1499 Ru-

247 1518 346 1570 bro
387 1517 534 1568 mari
573 1518 914 1584 imputatum
975 1533 1101 1568 cum
1145 1519 1396 1572 remedia
1432 1533 1567 1570 vera
1602 1516 1868 1584 quotidie

245 1587 635 1656 pauperrimus
668 1587 897 1654 quisque
934 1593 1153 1640 coenet.
1228 1589 1371 1640 Nam
1410 1589 1461 1638 si
1480 1603 1549 1640 ex
1574 1587 1741 1638 horto
1768 1601 1869 1652 pe-

245 1663 452 1717 tantur,
493 1662 592 1707 aut
615 1655 788 1707 herba
807 1656 897 1708 vel
919 1654 1112 1707 frutex
1135 1666 1459 1724 quaeratur,
1481 1657 1635 1707 nulla
1656 1656 1870 1708 artium

247 1726 416 1778 vilior
439 1725 559 1776 fiat.
630 1725 719 1776 lta
739 1731 829 1776 est
863 1724 1140 1793 profecto,
1178 1726 1503 1794 magnitudo
1538 1725 1735 1792 populi
1762 1728 1873 1778 Ro-

245 1797 398 1850 mani
420 1793 660 1861 perdidit
683 1795 847 1858 ritus,
868 1795 1250 1863 vincendoque
1268 1797 1407 1848 victi
1426 1811 1635 1846 sumus.
1694 1793 1870 1847 Pare-

245 1881 370 1918 mus
391 1865 657 1928 externis,
699 1872 756 1917 et
787 1881 900 1916 una
933 1865 1141 1916 artium
1174 1866 1619 1931 Imperatoribus
1643 1879 1873 1933 quoque

245 1937 680 2002 imperaverunt.
755 1933 957 1986 Verum
984 1935 1053 1986 de
1075 1934 1161 1985 his
1182 1936 1325 1988 alias
1349 1937 1531 2002 plura.

315 2004 383 2056 11.
422 2004 606 2055 Loton
631 2003 880 2066 herbam,
919 2005 1171 2072 itemque
1190 2007 1526 2074 Aegyptiam
1551 2004 1749 2058 eodem
1772 2018 1875 2054 no-

247 2074 418 2135 mine,
441 2074 584 2124 alias
609 2079 667 2138 et
689 2071 968 2138 Syrticam
992 2076 1273 2138 arborem,
1297 2076 1545 2126 diximus
1566 2075 1683 2125 suis
1704 2073 1875 2124 locis.

247 2143 409 2196 Haec
431 2144 600 2206 lotos,
641 2157 784 2208 quae
819 2143 951 2196 faba
972 2143 1193 2196 Graeca
1234 2145 1552 2212 appellatur
1576 2159 1610 2193 a
1640 2141 1876 2205 nostris,

249 2213 438 2265 alvum
461 2213 648 2266 baccis
679 2212 846 2263 sistit.
920 2213 1197 2266 Ramenta
1232 2216 1370 2282 ligni
1394 2214 1629 2266 decocta
1650 2212 1708 2263 in
1736 2215 1874 2262 vino

250 2292 486 2350 prosunt
507 2282 902 2350 dysentericis,
923 2285 1243 2344 menstruis,
1264 2284 1549 2352 vertigini,
1572 2281 1876 2332 comitiali-

251 2352 370 2403 bus.
445 2353 721 2404 Cohibent
753 2357 810 2404 et
845 2353 1129 2418 capillum.
1202 2354 1428 2416 Mirum,
1470 2351 1557 2402 his
1594 2353 1873 2402 ramentis

254 2421 396 2473 nihil
421 2437 544 2474 esse
567 2421 830 2482 amarius,
868 2420 1168 2488 fructuque
1188 2421 1426 2475 dulcius.
1500 2421 1594 2472 Fit
1614 2427 1673 2472 et
1694 2436 1725 2471 e
1748 2435 1875 2470 sco-

250 2491 322 2543 be
344 2493 462 2542 eius
483 2492 967 2553 medicamentum,
995 2507 1067 2543 ex
1088 2506 1230 2557 aqua
1248 2495 1419 2559 myrti
1443 2491 1697 2558 decocta,
1742 2489 1875 2540 sub·

253 2566 398 2621 acta,
418 2568 480 2610 et
503 2559 686 2612 divisa
707 2561 760 2610 in
784 2561 1058 2626 pastillos,
1094 2560 1467 2626 dysentericis
1486 2557 1873 2619 utilissimum,

251 2631 497 2697 pondere
519 2627 826 2679 victoriati
848 2645 968 2682 cum
991 2643 1169 2694 aquae
1194 2628 1415 2696 cyathis
1437 2629 1636 2679 tribus.

323 2699 419 2752 lu.
457 2697 634 2750 Glans
655 2697 851 2751 intrita
873 2698 1129 2759 duritias,
1168 2713 1309 2764 quas
1332 2695 1601 2750 cacoethe
1644 2701 1875 2760 vocant,
