2033 3044
257 182 326 235 54
649 182 706 232 C.
759 178 1033 232 PLINIl
1092 178 1457 233 SECUNDI

255 282 506 337 inveniri.
580 283 814 346 Quidam
833 285 1007 335 ramis
1030 280 1263 351 hyssopi
1299 284 1660 345 surculosam,
1704 282 1845 335 folio

254 354 438 415 fabae,
463 354 652 406 eodem
677 356 900 405 nomine
921 353 1219 419 appellant,
1260 360 1316 406 et
1334 354 1527 420 colligi
1550 353 1844 405 florentem

255 424 436 476 adhuc
453 425 671 476 iubent:
717 423 855 475 adeo
876 420 1078 475 florere
1116 438 1225 473 uon
1251 422 1539 475 dubitant:
1580 423 1847 475 maxime·

255 509 360 563 que
385 508 454 544 ex
478 494 681 544 Ciliciis
707 499 762 544 et
785 492 1029 543 Pisidiae
1052 493 1330 544 montibus
1357 492 1605 543 laudant.

324 562 474 614 XXI.
515 561 596 615 14.
623 562 990 629 Melampodis
1011 562 1187 625 fama,
1228 561 1588 613 divinationis
1623 562 1847 615 artibus

255 640 388 686 nota
411 626 512 684 est.
534 633 614 683 Ab
629 631 732 685 hoc
755 630 1067 698 appellatur
1086 644 1251 683 unum
1274 631 1510 684 ellebori
1521 646 1709 699 -genus
1728 632 1849 683 Me·

254 702 595 768 lampodion.
664 699 850 768 Aliqui
878 706 1159 767 pastorem
1202 702 1394 751 eodem
1436 701 1850 753 nomine-:inve-

254 773 402 823 nisse
424 771 656 822 tradunt
670 808 687 833 ‚
723 784 918 836 capras
942 770 1169 841 purgari
1188 775 1347 837 pasto
1367 770 1467 821 illo
1490 769 1849 823 animadver-

253 849 484 904 tentem,
528 839 768 906 datoque
790 839 936 890 lacte
977 854 1164 889 earum·
1187 854 1412 891 sanasse
1433 838 1733 891 Proetidas
1756 838 1845 890 fu-

252 918 455 963 rentes.
528 910 892 971 Quamobrem
915 907 982 961 de
1004 909 1257 961 omnibus
1278 908 1401 961 eius·
1418 907 1850 977 generibustdici

255 981 422 1032 simul
463 982 734 1032 convenit.
806 978 994 1029 Prima
1032 979 1141 1029 duo
1169 985 1311 1043 sunt,
1354 979 1646 1029 candidum
1682 983 1744 1029 et
1763 979 1847 1029 ni·

183 1106 191 1113 ‚
253 1052 450 1119 grum.
501 1050 628 1101 Hoc
647 1048 928 1100 radicibus
970 1053 1183 1098 tantum
1224 1048 1467 1114 intelligi
1480 1047 1717 1099 'tradunt
1732 1048 1851 1115 ple-

255 1124 431 1187 rique.
499 1119 608 1169 Alii
632 1119 770 1170 folia
787 1120 948 1183 nigri,
989 1115 1215 1183 platano
1237 1117 1462 1181 similia,
1486 1117 1849 1181 sedminora,

255 1188 631 1253 nigrioraque,
656 1194 714 1239 et
737 1188 986 1255 pluribus
1007 1186 1266 1239 divisuris
1287 1187 1488 1237 scissa:
1520 1186 1654 1249 albi,
1676 1188 1848 1239 betae

255 1257 600 1321 incipientis:
625 1256 759 1308 haec
782 1272 996 1325 quoque
1018 1258 1277 1323 nigriora,
1300 1263 1355 1308 et
1376 1254 1649 1308 canalium
1672 1256 1847 1308 dorso

255 1327 620 1378 tabescentia.
692 1327 939 1393 Utraque
963 1326 1119 1377 caule
1139 1326 1311 1393 palmi
1332 1326 1630 1390 ferulaceo,
1650 1326 1849 1379 bul-bo·

256 1410 378 1447 rum
419 1396 620 1445 tunicis
660 1396 975 1457 convoluto,
1014 1396 1199 1446 radice
1236 1396 1511 1447 fimbriata
1548 1409 1844 1461 caeparum

208 1492 220 1503 ·
254 1464 440 1516 modo.
513 1464 685 1532 Nigro
710 1466 855 1532 equi,
878 1466 1062 1528 boves,
1082 1480 1209 1516 sues
1230 1472 1521 1517 necantur=
1546 1466 1733 1532 itaque
1758 1480 1846 1516 ea·

255 1539 385 1592 vent
403 1533 477 1596 id,
501 1535 881 1586 cum'candido
902 1541 1210 1586 vescantur.
1282 1536 1691 1602 Tempestivum
1720 1551 1847 1587 esse

253 1602 483 1656 tradunt
503 1604 790 1655 messibus.
861 1605 1165 1656 Plurimum
1188 1611 1369 1655 autem
1394 1606 1639 1656 nascitur
1658 1605 1719 1654 in
1744 1606 1849 1656 Oe-

254 1682 318 1727 ta
337 1681 554 1724 montet
597 1679 652 1724 et
672 1657 938 1739 optimum
981 1688 1111 1724 uno·
1137 1674 1255 1726 eius
1296 1675 1423 1725 loeo
1450 1676 1596 1726 circa
1614 1673 1845 1741 Pyram.

251 1743 484 1810 Nigrum
506 1743 708 1810 ubique
729 1743 1002 1810 provenit,
1024 1743 1126 1794 sed
1144 1743 1416 1795 melius-in
1438 1745 1729 1806 Helicone,
1750 1744 1847 1812 qui

251 1827 410 1864 mons
434 1818 491 1864 et
513 1813 636 1864 aliis
667 1813 926 1864 laudatur
967 1808 1173 1864 herbis,
1248 1812 1549 1864 Candidum
1571 1812 1849 1880 probatur

255 1884 552 1934 Oetaeum:
595 1883 894 1934 secundum
916 1882 1231 1933 Ponticum:
1270 1884 1445 1934 tertio
1484 1883 1610 1935 loco
1634 1882 1853 1935 Eleati-

257 1967 395 2013 cum,
438 1952 582 2017 quod
620 1952 678 2001 in
716 1952 922 2002 vitibus
955 1951 1106 2000 nasci
1128 1951 1342 2002 ferunt:
1386 1961 1585 2018 quarto
1608 1951 1849 2004 Parnas-

255 2023 413 2081 sium,
437 2021 583 2087 quod
606 2020 953 2071 adulteratur
969 2021 1243 2082 Aetolico,
1264 2036 1333 2072 ex
1354 2023 1555 2072 vicino.
1606 2021 1845 2088 Nigrum

255 2105 323 2142 ex
345 2089 432 2141 his
451 2089 867 2155 Melampodion
891 2095 1115 2152 vocant,
1162 2103 1271 2156 quo
1304 2097 1361 2142 et
1382 2090 1575 2142 domos
1598 2089 1849 2154 suffiunt,

251 2166 613 2226 purgantque,
627 2164 947 2226 spargentes
971 2164 1027 2210 et
1046 2172 1260 2225 pecora,
1282 2175 1400 2210 cum
1423 2161 1749 2226 precatione
1758 2175 1851 2213 so·

251 2229 450 2280 lemni:
491 2227 598 2278 hoc
629 2234 686 2279 et
715 2228 1029 2295 religiosius
1053 2229 1351 2296 colligitur.
1425 2229 1667 2282 Primum
1694 2232 1847 2282 enim

252 2297 444 2365 gladio
471 2298 953 2350 circumscribitur.
1011 2297 1156 2349 Dein
1180 2299 1271 2364 qui
1293 2299 1606 2350 succisurus
1632 2307 1735 2360 est,
1756 2314 1849 2351 or-

251 2373 371 2416 tum
395 2372 635 2431 spectat:
680 2374 736 2419 et
757 2373 1032 2434 precatur,
1061 2373 1126 2418 ut
1144 2366 1203 2417 id
1224 2369 1390 2420 liceat
1408 2369 1513 2420 sibi
1538 2370 1845 2422 conceden-

253 2433 407 2483 tibus
433 2435 539 2484 diis
562 2435 762 2498 facere,
804 2438 1170 2501 observatque
1192 2437 1411 2504 aquilae
1431 2437 1682 2490 volatus:
1725 2437 1855 2492 fere

256 2501 400 2552 enim
423 2505 740 2556 secantibus
761 2507 1021 2557 interest:
1064 2511 1119 2556 et
1139 2507 1185 2556 si
1209 2520 1379 2572 prope
1400 2507 1701 2570 advolavit,
1724 2523 1835 2560 mo-

253 2567 490 2617 riturum
513 2569 612 2619 illo
634 2586 776 2624 anno
807 2576 902 2639 qui
922 2573 1196 2636 succidat,
1239 2577 1525 2642 augurium
1550 2582 1655 2628 est.
1730 2576 1859 2630 Nee

257 2633 446 2714 album
469 2634 633 2688 facile
653 2642 955 2708 colligitur,
975 2648 1141 2708 caput
1162 2657 1483 2710 aggravans,
1502 2645 1745 2698 maxime
1766 2647 1857 2698 ni-

259 2717 308 2752 si
326 2709 706 2767 praesumatur
745 2711 955 2772 allium,
995 2717 1053 2762 et
1074 2713 1302 2772 subinde
1324 2716 1507 2765 vinum
1533 2714 1857 2776 sorbeatur,
