2033 3044
250 178 921 238 NATURHISTOR.
950 180 1356 264 Lipxxvn.
1393 182 1595 238 38-45.
1667 182 1764 239 135

250 283 421 337 XLII.
468 282 847 351 cynosorchin
889 283 1068 351 aliqui
1107 284 1298 336 orchi‘n
1343 274 1568 349 vocant,
1608 286 1763 340 fol-iis

185 353 355 415 oleae,
398 354 681 417 mollibus,
724 356 900 406 tornis
933 368 1032 420 per
1049 355 1380 422 semipedem
1403 356 1763 423 longitudinis

186 427 239 475 in
254 430 413 475 terra
432 425 642 485 stratis,
662 422 1126 484 radice'buibosa,
1167 424 1422 493 oblonga,
1445 424 1652 491 duplici
1673 442 1760 480 or-

188 493 338 554 dine,
384 495 671 560 superiore
703 500 841 560 quae
866 493 1059 543 durior
1097 499 1208 555 est,
1253 501 1308 545 et
1334 494 1608 547 inferiore·
1627 510 1765 561 quae

186 562 429 615 mollior.
502 562 759 614 Eduntur
791 568 857 613 ut
884 563 1039 614 bulbi
1069 564 1246 625 cocti,
1281 564 1336 613 in
1359 564 1532 615 vineis
1551 563 1668 617 fere
1692 566 1769 616 in·

188 634 351 683 venti.
426 634 512 683 Ex
531 630 617 683 his
638 632 917 684 radicibus
942 632 987 683 si
1010 634 1275 685 maiorem
1301 633 1471 685 edant
1491 632 1616 695 viri,
1656 648 1767 684 ma-

184 709 273 754 res
304 702 564 769 generari
606 702 819 753 dieunt:
862 704 910 753 si
940 703 1208 755 minorem
1239 702 1490 764 feminae,
1531 702 1768 754 alterum

186 785 387 823 sexum.
442 771 505 821 In
526 770 817 823 Thessalia
838 771 1146 823 molliorem
1171 773 1228 823 in
1250 773 1396 824 lacte
1421 772 1769 841 caprinoviri

187 840 375 893 bibunt
398 840 470 891 ad
492 840 858 894 stimulandos
894 840 1099 904 coitus,
1141 842 1418 894 duriorem
1440 855 1572 893 vero
1597 840 1668 893 ad
1687 841 1768 893 in·

185 908 467 963 bibendos.
537 911 915 963 Adversantur
934 912 1075 963 alter
1097 912 1280 963 alteri.

166 1008 173 1014 ’
250 1010 450 1065 XLIII.
488 1010 998 1079 Chrysolachanum
1023 1014 1081 1063 in
1101 1014 1309 1079 pineto,
1348 1011 1598 1066 lactucae
1619 1011 1772 1065 simi-

180 1081 241 1135 le
257 1083 522 1134 nascitur.
595 1080 770 1135 Sanat
791 1081 988 1133 neruos
1010 1084 1247 1143 incisos,
1285 1082 1336 1136 si
1365 1082 1654 1133 confestim
1671 1082 1775 1133 im·

166 1150 444 1221 ponatur.
480 1152 553 1203 Et
574 1150 729 1201 aliud
748 1166 918 1219 genus
944 1150 1370 1219 chrysolachani
1389 1152 1646 1215 traditur,
1667 1150 1771 1203 fio-

184 1238 247 1274 re
265 1236 456 1283 aureo,
478 1220 628 1273 foliis
652 1220 838 1272 oleris.
910 1222 1140 1273 coctum
1162 1227 1330 1284 estur,
1357 1228 1419 1273 ut
1441 1220 1563 1273 olus
1583 1220 1774 1274 molis.

182 1292 375 1345 Herba
394 1290 503 1343 hac
518 1290 823 1358 adalligata
841 1292 1093 1343 morbum
1109 1293 1322 1358 regium
1337 1290 1684 1353 habentibus,
1693 1291 1776 1343 ita

182 1366 244 1413 ut
258 1364 501 1429 spectari
520 1361 605 1425 ab
641 1358 724 1410 his
748 1360 955 1427 possit,
994 1362 1181 1413 sanari
1201 1362 1259 1413 id
1279 1356 1483 1415 malum
1519 1360 1775 1414 traditur.

186 1430 270 1483 De
290 1428 733 1499 chrysolachano
758 1446 858 1481 nec
887 1428 1028 1489 satis
1052 1431 1163 1482 dici
1195 1431 1313 1484 scio
1331 1466 1347 1494 ,
1387 1446 1491 1482 nec
1509 1432 1678 1497 plura
1691 1446 1776 1485 re·

184 1501 363 1570 perio.
418 1500 667 1566 Namque
690 1505 746 1552 et
768 1498 873 1552 hoc
892 1500 1032 1560 vitio
1056 1500 1382 1552 laboravere
1405 1502 1644 1566 proximi
1666 1500 1778 1554 uti·

189 1585 295 1638 que
314 1569 564 1622 herbarii
587 1571 796 1630 nostri,
837 1568 988 1636 quod
1018 1567 1124 1636 ipsi
1149 1575 1308 1620 notas
1326 1571 1479 1622 velut
1499 1572 1776 1638 vulgares,

189 1641 452 1701 strictim,
476 1644 532 1691 et
551 1639 868 1691 nominibus
890 1643 1106 1688 tantum
1127 1637 1470 1692 indicavere:
1513 1645 1778 1706 tanquam

189 1708 429 1776 coagulo
454 1713 637 1760 terrae
656 1707 839 1776 alvum
863 1707 1005 1768 sisti,
1047 1707 1416 1772 stranguriam
1443 1707 1690 1772 dissolvi,
1732 1710 1780 1760 si

188 1779 415 1831 bibatur
436 1793 505 1830 ex
524 1777 652 1828 vino
674 1783 773 1828 aut
796 1783 967 1844 aqua:
1247 1807 1252 1814 -
1763 1807 1768 1812 -

256 1861 459 1916 XLIV.
501 1863 694 1915 Cuculi
736 1861 877 1915 folia
905 1861 1041 1912 trita
1071 1873 1192 1910 cum
1231 1864 1408 1922 aceto,
1443 1863 1780 1926 serpentium

206 1933 393 1986 ctibus
418 1935 477 1982 et
496 1927 849 1999 scorpionum
869 1927 1094 1982 mederi.
1134 1928 1372 1992 Quidam
1393 1927 1534 1980 hanc
1553 1929 1667 1982 alio
1685 1943 1784 1982 no-

184 2002 344 2054 mine
364 2005 635 2062 strumum
658 2001 953 2067 appellant,
974 1998 1076 2050 alii
1087 1998 1298 2050 Graece
1319 1997 1648 2068 strychnum
1673 2001 1784 2052 aci·

186 2085 293 2124 nos
315 2069 488 2122 habet
518 2073 726 2137 nigros.
795 2071 881 2120 Ex
912 2069 997 2119 his
1020 2066 1256 2136 cyathus
1285 2070 1435 2132 succi
1471 2083 1590 2120 cum
1617 2069 1782 2120 mulsi

188 2141 425 2200 duobus,
438 2140 698 2202 medetur
714 2138 941 2191 lumbis:
956 2140 1100 2192 item
1125 2139 1325 2206 capitis
1347 2139 1532 2192 dolori
1553 2153 1674 2190 cum
1693 2153 1784 2190 ro·

188 2225 360 2262 sacco
380 2207 616 2260 infusus.
691 2211 814 2276 Ipsa
834 2207 1053 2279 strumis
1074 2209 1236 2260 illita.
1765 2233 1776 2242 ·

263 2293 448 2350 XLV.
484 2294 792 2348 Peculiaris
824 2301 919 2350 ,est
945 2293 1162 2360 Alpinis
1201 2295 1440 2348 maxime
1469 2293 1784 2346 fluminibus

192 2364 495 2428 conferva,
546 2363 825 2430 appellata
849 2376 917 2414 ἀ.
940 2362 1462 2416 confer-ruminando
1474 2401 1492 2428 ,
1553 2365 1787 2434 spongia

196 2450 472 2504 aquarum
511 2432 753 2486 dulcium
790 2435 992 2494 verius,
1033 2446 1196 2500 quam
1232 2439 1451 2485 muscus
1486 2441 1580 2485 aut
1601 2433 1788 2496 herba,

194 2506 437 2559 villosae
464 2503 757 2556 densitatis
780 2509 945 2568 atque
965 2501 1268 2555 fistulosae·
1289 2503 1550 2555 Curatum
1573 2518 1638 2556 ea
1652 2505 1787 2567 scio,

194 2567 459 2628 omnibus
482 2572 603 2625 fere
626 2572 840 2624 ossibus
859 2569 1182 2632 confractis,
1205 2572 1522 2639 prolapsum
1545 2589 1612 2626 ex
1632 2575 1789 2626 arbo·

194 2661 261 2700 re
310 2644 433 2699 alta
472 2648 820 2711 putatorem,
864 2639 1224 2693 circumdata·
1254 2643 1506 2696 universo
1549 2641 1788 2710 corpori,

192 2729 401 2784 aquam
424 2727 577 2766 suam
606 2709 1070 2779 inspergentibus,
1101 2710 1318 2777 quoties
1334 2715 1684 2776 inaresceret,
1707 2725 1790 2762 ra·
