2033 3044
311 157 410 212 uo
701 153 759 205 C.
796 151 1075 204 PL1N11
1112 147 1490 202 SECUNDI

308 265 426 312 stre
447 257 789 326 appellatur,
830 270 1006 322 paene
1030 255 1243 305 arboris
1269 251 1431 302 modo
1455 250 1669 314 frutex,
1706 249 1903 302 radice

305 329 546 396 lignosa,
569 326 742 392 stirpe
761 327 910 377 cedri
935 321 1264 374 rubicundo:
1298 321 1468 372 ramis
1488 319 1687 387 sparti,
1708 319 1899 372 binum

310 399 636 466 palmorum,
660 395 829 462 nigris
849 393 1231 462 geniculorum
1252 390 1423 442 ternis
1448 391 1800 456 quaternisve
1818 403 1899 438 ar·

311 468 522 520 ticulis.
594 465 740 517 Huic
763 478 978 532 quoque
1009 461 1281 528 spissandi
1314 467 1541 522 natura,
1584 475 1749 526 sapor
1768 457 1899 508 mali

315 535 553 592 cotonei.
594 535 938 600 Decoquitur
955 533 1012 581 in
1033 547 1180 599 aqua
1202 531 1270 582 ad
1294 529 1514 592 tertias,
1540 537 1643 581 aut
1658 530 1803 580 aridi
1820 527 1899 578 fa·

313 609 441 660 rina
464 604 800 671 inspergitur
835 609 893 652 et
928 602 1042 652 oris
1072 599 1388 652 hulceribus
1423 606 1481 650 et
1505 599 1719 650 attritis
1736 596 1896 666 parti·

313 681 434 731 bus.
509 677 742 741 Propter
765 672 1106 738 gingivarum
1140 685 1269 721 vero
1310 669 1456 720 vitia
1480 669 1893 721 commanduca-

313 758 426 800 tur.
486 745 688 798 Nomas
709 741 876 804 sistit,
899 740 1193 806 omniaque
1214 753 1353 806 quae
1378 745 1631 805 serpunt,
1655 743 1750 790 aut
1772 735 1897 788 diffi-

317 818 482 870 cilem
506 812 814 866 cicatricem
836 809 1057 861 habent.
1105 808 1365 860 Privatim
1390 822 1525 859 vero
1545 809 1713 860 sanat
1731 824 1767 860 a
1786 807 1896 858 nive
1990 813 1992 872 ζ

315 887 467 940 facta
487 884 732 935 hulcera.
805 879 1069 932 Herbarii
1089 885 1145 930 et
1166 876 1236 929 ad
1268 881 1499 945 anginas
1536 885 1767 930 utuntur
1785 877 1899 928 illa:

317 958 450 1010 etin
473 954 669 1020 capitis
691 951 882 1002 dolore
907 963 1163 1000 coronam
1188 963 1257 999 ex
1278 963 1347 999 ea
1366 951 1685 1013 imponunt:
1708 952 1768 999 et
1786 962 1899 999 con-

317 1033 412 1078 tra
433 1023 732 1091 epiphoras
752 1020 898 1073 collo
923 1018 1287 1070 circumdant.
1316 1018 1376 1068 In
1398 1018 1663 1070 tertianis
1683 1016 1896 1085 quidam

320 1096 547 1148 sinistra
570 1108 741 1144 manu
756 1090 998 1143 evulsam
1018 1087 1357 1155 adalligant:
1401 1088 1543 1141 adeo
1570 1095 1773 1139 contra
1789 1101 1899 1154 pro·

317 1164 491 1216 fluvia
513 1161 821 1231 sanguinis,
861 1176 963 1213 nec
983 1158 1155 1211 ullam
1188 1157 1365 1226 magis
1386 1157 1605 1209 aridam
1625 1172 1791 1224 quam
1810 1167 1897 1222 pe·

318 1235 456 1302 lygo
463 1247 612 1296 num,
625 1235 860 1298 sexgvant.

388 1335 554 1388 XCII.
595 1332 924 1384 pancration
945 1331 1121 1398 aliqui
1139 1331 1354 1382 scillam
1378 1329 1640 1398 pusillam
1664 1329 1894 1398 appella·

317 1421 382 1458 re
403 1405 636 1464 malunt,
681 1401 830 1453 foliis
853 1401 968 1452 albi
991 1401 1123 1464 lilii,
1145 1400 1496 1468 ,longioribus
1519 1401 1899 1453 crassioribus-

320 1489 445 1547 que,
463 1471 652 1525 radice
671 1471 822 1525 bulbi
847 1472 1054 1539 magni,
1096 1469 1284 1532 colore
1306 1470 1450 1522 rufo.
1522 1472 1725 1522 Alvum
1744 1469 1898 1525 solvit

319 1558 505 1607 succo,
525 1558 644 1594 cum
666 1540 852 1595 farina
873 1540 991 1593 ervi
1015 1548 1228 1595 sumto:
1252 1539 1477 1595 hulcera
1499 1548 1724 1611 purgat.
1796 1542 1899 1608 Hy·

321 1613 562 1682 dropicis
604 1610 972 1681 splenicisque
1007 1628 1128 1663 cum
1166 1612 1331 1663 melle
1362 1612 1540 1663 datur.
1617 1610 1730 1665 Alii
1755 1610 1898 1664 deco·

319 1690 499 1755 quunt
521 1697 662 1746 eam,
701 1680 876 1735 donec
897 1696 1041 1748 aqua
1064 1682 1241 1733 dulcis
1262 1683 1390 1732 fiat:
1430 1693 1607 1747 caque
1631 1682 1810 1733 effusa
1826 1694 1899 1731 ra·

321 1758 500 1809 dicem
533 1758 778 1805 terentes
809 1752 1068 1819 digerunt
1106 1750 1162 1801 in
1195 1750 1453 1816 pastillos
1476 1750 1611 1803 Sole
1646 1757 1894 1803 siccatos:

323 1833 379 1881 et
403 1830 598 1895 postea
619 1824 851 1874 utuntu'r
869 1821 942 1872 ad
963 1819 1161 1887 capitis
1188 1819 1437 1882 hulcera,
1477 1826 1537 1872 et
1566 1823 1759 1873 cetera
1778 1834 1898 1887 quae

319 1893 677 1964 repurganda
701 1897 844 1943 sunt.
913 1890 1052 1941 Item
1076 1890 1146 1941 ad
1170 1888 1365 1941 tussim
1384 1925 1400 1952 ‚
1446 1894 1715 1957 quantum
1738 1892 1898 1943 tribus

321 1966 519 2035 digitis
541 1960 1025 2032 apprehenderint,
1058 1960 1118 2009 in
1140 1960 1265 2011 vino
1287 1960 1507 2011 dantes:
1546 1966 1605 2013 et
1627 1960 1703 2011 ad
1722 1961 1897 2011 lateris

321 2036 568 2096 dolores,
607 2038 704 2084 aut
740 2030 1247 2099 peripneumonicis
1284 2029 1598 2095 ecligmate.
1674 2031 1827 2083 Dant
1852 2034 1899 2081 et

321 2112 555 2175 propter
576 2100 820 2157 ischiada
840 2101 897 2151 in
918 2100 1046 2151 vino
1063 2098 1381 2162 bibendum,
1397 2105 1453 2152 et
1471 2105 1713 2167 propter
1730 2098 1898 2152 tormi-

321 2190 412 2239 na,
433 2186 758 2239 mensesque
781 2168 1023 2223 ciendos.
1280 2186 1286 2193 ·

393 2276 587 2329 XCIII.
625 2274 825 2340 Peplis‚
869 2288 1032 2341 quam
1054 2272 1227 2340 aliqui
1246 2287 1443 2343 sycen,
1483 2272 1587 2325 alii
1608 2274 1899 2333 meconion,

324 2346 426 2399 alii
449 2352 678 2397 mecona
697 2343 944 2410 aphrode
965 2349 1182 2404 vocant,
1197 2359 1263 2395 ex
1288 2356 1397 2395 una
1414 2340 1603 2395 radice
1624 2343 1783 2399 tenui
1802 2341 1898 2393 fru-

275 2475 281 2481 ,
325 2416 484 2478 ticat,
514 2414 669 2466 foliis
691 2418 848 2464 rutae
869 2411 1037 2478 paulo
1061 2412 1367 2473 latioribus,
1402 2413 1613 2466 semine
1632 2416 1740 2468 sub
1762 2413 1899 2467 foliis

319 2484 582 2543 rotundo,
603 2484 814 2534 minore
836 2496 996 2548 quam
1020 2482 1238 2535 candidi
1260 2484 1565 2547 papaveris.
1596 2484 1755 2539 Inter
1768 2487 1897 2537 vites

321 2548 449 2627 fere
455 2552 740 2617 colligitur
759 2552 1060 2604 messibus:
1086 2553 1429 2619 siccaturque
1450 2566 1571 2603 cum
1593 2551 1781 2607 fructu
1792 2569 1896 2615 suo,

327 2613 617 2697 ⁸¹3*!¹⁰⁰‘³⁸2.
631 2619 688 2667 in
713 2635 850 2683 quae
873 2620 1113 2675 excidat.
1172 2622 1455 2687 Hoc.poto
1480 2622 1641 2675 alvus
1660 2624 1896 2682 solvitur,

327 2680 462 2731 bilis
481 2696 550 2735 ac
567 2687 768 2749 pituita
789 2688 1120 2742 detrahitur.
1141 2690 1330 2744 Media
1349 2689 1505 2757 potio
1526 2700 1617 2745 est
1638 2692 1897 2748 acetabuli
