2033 3044
291 168 597 221 NATUR.
617 168 958 221 HISTOR.
977 118 1143 223 [³1³3.
1161 168 1331 223 XXV.
1350 168 1533 223 42-50.
1636 169 1707 223 63

129 272 205 323 bis
225 272 601 341 exquirendis,
642 278 706 325 ut
724 273 784 323 in
806 271 1004 338 quibus
1028 272 1324 324 etiamnum
1350 272 1513 326 hodie
1530 273 1591 325 in
1610 288 1707 325 nu-

125 356 330 395 meroso
353 350 412 395 et
431 344 672 395 laetiore
695 344 962 405 convictu,
982 343 1269 409 potionem
1300 358 1331 393 e
1352 350 1565 395 centum
1587 341 1707 397 her-

127 414 200 463 bis
219 413 400 465 mulso
425 412 652 473 additis,
693 411 981 463 credidere
1014 410 1431 463 saluberrimam
1454 413 1710 465 suavissi-

123 498 393 549 mamquez
429 496 530 533 nec
551 482 840 549 quisquam
855 496 1071 549 genera
1094 496 1280 535 earum
1301 481 1411 532 iam
1438 482 1591 532 novit
1615 490 1709 534 aut

125 552 560 604 multitudinem:
599 566 860 604 numerus
881 558 1067 603 tamen
1090 557 1311 603 constat
1328 552 1383 601 in
1406 552 1641 604 nomine.

183 620 430 674 XLVlll.
473 618 562 671 37.
623 620 834 677 Nostra
881 626 1037 673 aetas
1086 621 1339 673 meminit
1391 620 1616 673 herbam
1654 622 1710 673 in

121 690 318 743 Marsis
357 696 663 757 repertam.
733 690 994 743 Nascitur
1024 692 1083 741 in
1112 692 1428 758 Aequicolis
1460 690 1611 741 circa
1636 693 1714 741 vi-

120 775 234 813 cum
254 760 596 813 Nervesiae:
631 766 866 811 vocatur
889 761 1183 827 consiligo.
1244 760 1509 822 Prodest,
1541 765 1605 812 ut
1624 761 1713 813 de·

117 830 550 883 monstrabimus
572 844 673 879 suo
697 829 852 891 loco,
889 829 1196 895 deploratis
1215 830 1270 881 in
1294 828 1523 897 phthisi.

177 900 380 952 XLIX.
418 896 508 949 38.
545 898 758 951 Invenit
781 914 954 964 nuper
982 909 1041 951 et
1060 898 1333 951 Servilius
1354 900 1712 953 Democrates

118 986 146 1023 e
161 969 359 1037 primis
385 967 746 1031 medentium,
766 984 928 1035 quam
953 969 1253 1035 appellavit
1274 970 1507 1033 iberida,
1542 982 1713 1037 quan·

117 1056 274 1107 quam
293 1042 430 1091 ficto
457 1038 700 1100 nomine,
739 1038 1047 1099 inventioni
1067 1040 1187 1091 eius
1210 1041 1493 1107 assignato
1516 1040 1713 1091 carmi·

115 1126 196 1163 ne.
265 1108 542 1164 Nascitur
565 1109 806 1165 maxime
837 1108 984 1159 circa
1014 1117 1211 1161 vetera
1241 1116 1593 1161 monumenta
1615 1124 1711 1176 pa-

117 1180 478 1247 rietinasque,
499 1184 558 1231 et
587 1178 795 1233 inculta
825 1178 1101 1237 itinerum.
1170 1178 1366 1231 Floret
1396 1193 1617 1245 semper
1634 1178 1715 1229 fo-

116 1250 186 1301 lio
208 1250 498 1311 nasturtii,
539 1248 700 1301 caule
739 1248 988 1310 cubitali,
1028 1248 1242 1301 semine
1282 1256 1393 1299 tam
1420 1264 1609 1316 parvo,
1650 1258 1713 1300 ut

114 1321 200 1373 vix
219 1320 401 1387 aspici
427 1318 622 1385 possit.
694 1317 892 1371 Radici
929 1317 1069 1369 odor
1102 1320 1381 1371 nasturtii.
1456 1320 1594 1371 Usus
1616 1335 1709 1373 ae-

117 1397 257 1443 state
277 1387 592 1449 efficacior,
619 1392 696 1445 ,et
721 1388 932 1439 recenti
961 1394 1197 1445 tantum.
1267 1388 1545 1441 'l‘unditur
1567 1389 1708 1441 diffi-

117 1460 310 1512 culter.
331 1455 750 1511 coxendicibus
767 1464 824 1509 et
843 1458 1090 1509 articulis
1115 1460 1371 1513 omnibus
1394 1476 1515 1511 cum
1536 1475 1709 1511 axun-

115 1532 213 1600 gia
229 1531 451 1582 modica
473 1526 790 1590 utilissima,
831 1528 968 1581 viris
990 1529 1286 1594 plurimum
1308 1531 1595 1598 quaternis
1618 1529 1714 1582 he·

115 1602 210 1662 ris,
251 1599 482 1652 feminis
515 1597 698 1648 minus
721 1597 949 1650 dimidio
981 1599 1305 1666 adalligata,
1348 1607 1411 1651 ut
1434 1601 1633 1652 deinde
1654 1599 1713 1651 in

115 1670 350 1722 balineis
385 1668 761 1720 descendatur
791 1667 847 1720 in
881 1666 1139 1727 calidam,
1184 1675 1241 1720 et
1278 1675 1473 1734 postea
1499 1668 1627 1722 oleo
1648 1685 1713 1722 ac

116 1743 240 1790 vino
266 1753 471 1804 corpus
496 1743 859 1803 perungatur:
917 1735 1221 1803 diebusque
1240 1739 1445 1788 vicenis
1466 1739 1713 1804 interpo-

116 1809 240 1862 sitis
257 1809 406 1860 idem
431 1807 548 1869 fiat,
566 1806 612 1856 si
635 1821 746 1873 qua
759 1805 1066 1856 admonitio
1080 1805 1285 1856 doloris
1306 1806 1567 1872 supersit.
1588 1809 1714 1858 Hoc

113 1878 277 1931 modo
305 1875 745 1942 rheumatismos
773 1889 964 1929 omnes
995 1879 1157 1928 sanat
1190 1874 1457 1927 occultos.
1527 1876 1711 1942 lmpo·

115 1949 266 2000 nitur
292 1962 405 1998 non
429 1947 486 1996 in
507 1946 632 2012 ipsa
652 1943 1229 2006 inflanimatione„sed
1248 1944 1558 1996 imminuta.
1612 1972 1619 1984 ·

181 2018 252 2068 L.
283 2015 372 2068 39.
403 2015 683 2068 Animalia
716 2029 930 2082 quoque
959 2017 1220 2068 invenere
1250 2013 1467 2076 herbas,
1507 2015 1567 2065 in
1607 2015 1715 2081 pri-

113 2085 331 2152 misque
368 2083 760 2140 chelidoniam.
834 2085 958 2138 Hac
997 2085 1144 2139 enim
1180 2085 1504 2138 hirundines
1536 2084 1713 2136 oculis

116 2155 396 2222 pullorum
431 2154 492 2205 in
526 2154 660 2206 nido
689 2153 997 2207 restituunt
1030 2157 1226 2217 visum,
1268 2161 1331 2207 ut
1363 2153 1585 2222 quidam
1615 2168 1711 2207 vo·

115 2226 255 2284 lunt,
279 2226 452 2278 etiam
474 2224 648 2276 erutis
672 2223 866 2276 oculis.
937 2223 1159 2276 Genera
1188 2227 1305 2278 eius
1326 2224 1454 2276 duo.
1525 2223 1715 2276 Maior

116 2295 390 2348 fruticosa
413 2294 600 2356 caule,
638 2292 778 2345 folio
800 2294 1115 2360 pastinacae
1133 2297 1401 2348 erraticae
1424 2293 1715 2359 ampliore,

117 2366 235 2430 ipsa
275 2362 586 2420 altitudine
622 2363 784 2414 duum
831 2363 1163 2417 cubitorum.
1236 2365 1407 2416 Colos
1446 2363 1711 2426 albicans,

117 2432 214 2486 flos
232 2434 442 2488 luteus.
514 2432 725 2485 Minori
744 2430 888 2484 folia.
909 2433 1115 2485 ederae
1135 2433 1483 2495 rotundiora,
1528 2433 1711 2487 minus

121 2505 372 2558 candida.
405 2533 407 2535 ·
445 2499 656 2554 Succus
699 2503 842 2557 croci
873 2502 1123 2564 mordax,
1170 2518 1357 2554 semen
1403 2506 1711 2570 papaveris.

118 2573 348 2629 Hor-ent
383 2571 628 2628 adventu
661 2569 1035 2628 hirundinum.
1071 2571 1317 2623 discessu
1350 2581 1710 2626 marcescunt.

117 2641 486 2699 Florentibus
509 2654 705 2693 succus
727 2641 1153 2709 exprimitur,.et
1172 2641 1232 2692 in
1255 2657 1421 2697 aereo
1441 2658 1569 2696 vase
1590 2658 1713 2696 cum

121 2713 283 2774 mene
305 2715 499 2770 Attico
523 2707 727 2767 leniter
747 2711 932 2770 cinere
953 2710 1188 2766 ferventi
1222 2709 1561 2782 decoquitur,
1605 2713 1715 2764 sin·
