2033 3044
250 157 322 209 50
627 156 688 208 C.
757 152 1037 206 PLlNlI
1108 150 1481 205 sEcuNm

253 256 632 311 dodecatheon
675 262 893 318 vocant,
935 257 1177 308 omnium
1217 255 1447 307 deorum
1490 253 1846 309 maiestatem

255 327 722 381 commendantes.
764 328 829 377 ln
847 341 992 393 aqua
1010 333 1201 392 potam
1226 325 1477 377 omnibus
1497 324 1709 376 morbis
1734 340 1848 379 me-

255 398 378 451 deri
397 396 639 449 tradunt.
710 395 872 447 Folia
891 395 1012 447 eius
1033 400 1265 461 septem,
1286 394 1517 447 lactucis
1540 393 1849 457 simillima,

257 473 460 519 exeunt
477 482 516 518 a
535 468 684 518 lutea
706 465 912 517 radice.

329 552 398 603 X.
435 550 485 602 3.
505 551 898 603 vetustissima
932 550 1165 601 inventu
1197 549 1445 601 Paeonia
1478 557 1585 611 est,
1626 565 1859 601 nomen-

262 637 366 688 que
389 622 636 671 auctoris
681 623 905 681 retinet,
944 634 1108 685 quam
1130 618 1355 685 quidam
1389 620 1743 685 pentorobon
1766 634 1863 687 ap·

260 691 489 757 pellant,
507 690 603 740 alii
625 689 970 756 glycysiden.
1011 689 1171 740 Haec
1191 702 1409 754 quoque
1430 687 1735 741 difficultas
1754 697 1861 752 est,

261 760 408 827 quod
431 759 622 810 eadem
642 759 808 810 aliter
827 758 962 809 alibi
983 766 1384 823 nuncupantur.
1440 758 1706 811 Nascitur
1726 774 1863 826 opa-

263 831 344 881 cis
383 829 682 889 montibus,
721 828 880 879 caule
917 827 1069 878 inter
1101 825 1240 878 folia
1270 828 1575 895 digitorum
1599 834 1862 895 quatuor,

261 899 478 951 ferente
506 898 563 949 in
603 902 884 949 cacumine
905 896 1101 948 ·veluti
1122 897 1367 949 Graecas
1400 912 1569 949 nuces
1612 904 1863 963 quatuor

265 976 362 1020 aut
383 970 640 1035 quinque.
706 968 857 1019 Inest
871 966 946 1017 iis
967 980 1157 1017 semen
1180 967 1485 1031 copiosum,
1508 968 1761 1031 rubrum,
1780 968 1864 1019 ni-

264 1053 532 1105 grumque
621 1038 778 1088 Haec
797 1036 1053 1087 medetur
1072 1041 1131 1087 et
1148 1035 1465 1088 Faunorum
1486 1036 1543 1087 in
1567 1038 1763 1103 quiete
1780 1039 1862 1089 lu-

265 1108 476 1160 dibriis.
533 1106 895 1171 Praecipiunt
917 1120 1113 1157 eruere
1132 1112 1320 1167 noctu,
1342 1106 1600 1171 quoniam
1626 1109 1675 1159 si
1698 1110 1863 1174 picus

264 1179 500 1229 Martius
519 1176 728 1237 videat,
757 1174 967 1227 tuendo
985 1174 1047 1225 in
1068 1176 1259 1226 oculos
1280 1179 1549 1241 impetum
1571 1175 1770 1229 faciat.

331 1260 428 1311 Xi.
465 1262 517 1312 4.
553 1259 799 1312 panaces
835 1261 959 1329 ipso
997 1260 1220 1313 nomine
1253 1262 1497 1313 omnium
1534 1262 1863 1315 morborum

264 1329 511 1381 remedia
534 1333 828 1395 promittit,
869 1344 1222 1382 numerosum
1260 1334 1319 1382 et
1350 1330 1456 1381 diis
1475 1332 1866 1384 inventoribus

266 1398 622 1463 adscriptum.
677 1400 851 1451 Unum
877 1401 1081 1467 quippe
1101 1400 1395 1467 Asclepion
1418 1402 1867 1469 cognominatur,

267 1468 520 1536 quoniam
541 1468 592 1518 is
613 1468 782 1520 filiam
808 1468 1110 1521 panaceam
1136 1469 1455 1536 appellavit.
1505 1470 1715 1521 Succus
1740 1486 1870 1524 coa-

267 1546 385 1590 ctus
407 1536 641 1601 serulae,
682 1539 904 1606 qualem
931 1539 1186 1603 diximus,
1225 1541 1412 1592 radice
1444 1539 1606 1592 multi
1627 1543 1867 1596 corticis

265 1615 324 1660 ct
344 1608 498 1658 salsi.
571 1609 694 1659 Hac
716 1609 904 1660 evulsa
938 1611 1190 1661 scrobem
1229 1609 1435 1677 repleri
1456 1611 1610 1662 vario
1654 1625 1868 1676 genere

264 1678 484 1746 frugum
524 1678 727 1745 religio
771 1683 874 1741 est,
915 1693 982 1730 ac
1000 1685 1183 1730 terrae
1203 1680 1567 1746 piamentum.
1642 1681 1767 1743 Ubi,
1808 1691 1869 1734 ct

269 1762 506 1814 quonam
533 1748 694 1800 fleret
715 1750 900 1810 modo,
946 1753 1004 1800 et
1046 1749 1207 1815 quale
1244 1751 1481 1801 maxime
1504 1749 1867 1816 probaretur,

265 1819 415 1870 inter
436 1819 730 1886 peregrina
750 1817 1059 1870 docuimus.
1116 1817 1180 1870 ld
1202 1816 1348 1885 quod
1370 1833 1399 1869 e
1421 1817 1761 1871 Macedonia
1784 1821 1869 1872 af·

265 1889 478 1950 fertur‚-
499 1887 794 1940 bucolicon
813 1892 1041 1949 vocant,
1079 1887 1431 1939 armentariis
1454 1894 1653 1954 sponte
1676 1903 1871 1942 crum-

264 1965 486 2027 pentem
527 1971 750 2009 succum
791 1956 1222 2024 excipientibus:
1264 1954 1373 2008 hoc
1402 1957 1691 2009 celerrime
1730 1973 1865 2010 eva-

266 2029 462 2078 nescit.
531 2028 606 2078 Et
625 2027 679 2076 in
701 2026 830 2076 aliis
855 2032 1039 2078 autem
1063 2026 1358 2093 generibus
1378 2025 1733 2092 improbatur
1754 2043 1869 2081 ma-

265 2097 421 2217 x‘iimfi
435 2098 651 2216 nigrium
673 2108 740 2146 ac
758 2094 942 2148 molle.
1015 2095 1081 2147 ld
1103 2095 1250 2147 enim
1272 2102 1599 2164 argumento
1622 2101 1710 2148 est
1734 2113 1871 2150 cera

265 2181 301 2217 a
337 2182 370 2217 u
423 2175 542 2219 erat
567 2202 582 2217 .
1361 2187 1368 2193 ·

333 2251 456 2304 ΧΠ.
495 2250 545 2305 5.
567 2250 816 2303 Alterum
838 2259 1009 2319 genus
1032 2247 1314 2303 heraclion
1334 2255 1553 2313 vocant,
1564 2249 1700 2302 etab
1719 2251 1875 2305 Her·

269 2321 390 2372 cule
411 2323 695 2374 inventum
717 2319 967 2372 tradunt:
993 2320 1097 2371 alii
1120 2320 1409 2387 origanum
1426 2317 1868 2374 heracleoticum

269 2389 546 2452 silvestre,
571 2390 825 2456 quoniam
848 2397 933 2441 est
955 2389 1185 2456 origano
1210 2387 1409 2452 simile,
1431 2388 1620 2442 radice
1642 2389 1869 2444 inutili:

269 2457 337 2507 de
359 2473 469 2522 quo
490 2458 721 2526 origano
741 2459 997 2528 diximus.

336 2541 483 2592 xln.
521 2543 572 2594 6.
601 2543 852 2596 Tertium
888 2558 1131 2610 panaces
1155 2541 1459 2596 Chironion
1498 2545 1867 2608 cognomina-

266 2616 360 2658 tur
384 2609 452 2659 ab
471 2609 772 2664 inventore.
823 2611 1045 2663 Folium
1066 2611 1183 2666 eius
1204 2611 1431 2680 lapatho
1454 2611 1661 2676 simile,
1679 2615 1866 2668 maius

267 2683 451 2728 tamen
475 2683 531 2727 et
550 2676 832 2732 hirsutius.
867 2679 1003 2732 Flos
1026 2698 1244 2745 aureus,
1266 2681 1425 2736 radix
1453 2697 1639 2749 parvo.
1667 2683 1866 2738 Nasci-
