2033 3044
221 181 538 253 RATUR.
571 180 908 234 HISTOR.
946 180 1108 234 LIB.
1141 181 1347 235 xxvl.
1380 181 1475 236 35·
1493 183 1580 236 39.
1648 181 1722 236 97

191 283 480 338 xxxvn.
528 280 608 337 13.
643 281 907 336 Detrahit
945 284 1116 337 bilem
1160 285 1519 352 polypodion,
1558 302 1721 354 quam

127 355 301 406 nostri
328 355 596 406 filiculam
619 360 852 404 vocant:
895 355 1097 405 similis
1121 355 1265 406 enim
1290 363 1375 405 est
1398 357 1547 406 filici.
1620 360 1726 409 Ra-

128 426 218 475 dix
238 426 297 475 in
321 441 450 486 usu,
476 424 677 492 pilosa,
703 424 908 475 coloris
929 425 1079 474 intus
1101 423 1377 485 herbacei,
1400 427 1723 478 crassitudi-

125 511 192 547 ne
217 495 392 562 dngiti
415 493 652 553 minimi,
694 493 998 546 acetabulis
1022 509 1341 556 cavernosa,
1382 509 1481 545 ceu
1504 497 1731 564 polypo·

125 581 246 616 rum
271 565 433 625 cirri,
456 562 756 623 subdulcis,
786 563 842 612 in
868 563 1042 629 petris
1064 579 1316 626 nascens,
1340 570 1436 614 aut
1456 564 1559 614 sub
1580 566 1736 616 arbo-

125 634 282 685 ribus
301 633 567 685 vetustis.
601 633 955 698 Exprimitur
974 648 1171 685 succus
1194 648 1339 700 aqua
1358 633 1734 686 madefactae:

125 705 248 771 ipsa
275 705 492 754 minute
514 702 739 753 concisa
757 702 1101 769 inspergitur
1122 703 1282 764 oleri,
1315 703 1404 754 vel
1424 704 1611 766 betae,
1644 703 1736 756 vel

125 773 366 834 nialvae,
389 771 480 823 vel
505 772 875 823 salsamento:
918 777 1019 824 aut
1041 787 1161 823 cum
1186 773 1457 839 pulticula
1478 774 1737 839 coquitur

125 843 198 895 ad
223 842 413 894 alvum
438 842 526 893 vel
558 841 618 892 in
651 839 799 893 febri
818 841 1027 894 leniter
1057 843 1401 895 solvendam.
1474 841 1740 906 Detrahit

126 912 301 964 bilem
329 918 387 963 et
405 911 665 977 pituitam
681 947 698 973 ,
737 911 1081 963 stomachum
1104 912 1357 966 offendit.
1428 914 1636 967 Aridae
1657 914 1738 964 fa·

129 985 253 1033 rina
283 981 473 1032 indita
502 981 734 1032 naribus
766 980 1031 1049 polypum
1064 983 1361 1035 consumit.
1430 984 1655 1036 Florem
1681 989 1738 1036 et

128 1067 316 1104 semen
341 1066 455 1102 non
474 1049 604 1102 fert.

197 1117 621 1175 xxxv111.14.
647 1119 1053 1174 Scammonium
1080 1135 1295 1188 quoque
1310 1122 1735 1174 dissolutionem

129 1189 406 1244 stomachi
433 1189 590 1253 facit,
611 1190 779 1242 bilem
807 1190 1071 1252 detrabit,
1088 1192 1270 1243 alvum
1294 1193 1479 1254 solvit,
1491 1199 1737 1260 praeter-

132 1277 294 1328 quam
318 1262 366 1311 si
389 1260 734 1312 adiiciantur
754 1260 908 1312 aloes
933 1258 1226 1314 drachmae
1250 1261 1391 1314 duae
1414 1262 1597 1315 obolis
1614 1263 1737 1314 eius

133 1331 368 1384 duobus.
399 1331 512 1394 Est,
528 1335 712 1383 autem
734 1345 929 1382 succus
949 1329 1158 1383 herbae
1181 1335 1249 1384 ab
1270 1333 1457 1386 radice
1483 1347 1737 1385 ramosae

139 1400 434 1468 pinguibus
454 1400 625 1464 foliis,
650 1400 959 1466 triangulis,
1000 1401 1165 1466 albis,
1187 1402 1379 1456 radice
1400 1418 1605 1465 crassa,
1624 1417 1739 1455 ma·

137 1469 282 1535 dida,
304 1483 601 1522 nauseosa.
638 1469 901 1522 Nascitur
922 1471 1115 1541 pingui
1140 1478 1198 1525 et
1218 1472 1346 1526 albo
1370 1474 1513 1526 solo.
1554 1472 1739 1527 Radix

135 1543 284 1594 circa
305 1541 478 1593 Canis
502 1549 684 1592 ortum
708 1547 1022 1604 excavatur,
1054 1547 1117 1593 ut
1138 1543 1196 1594 in
1218 1546 1339 1611 ipsa
1358 1544 1600 1597 confluat
1618 1558 1744 1595 suc-

136 1626 261 1664 cus:
285 1612 384 1679 qui
409 1610 543 1663 Sole
565 1611 826 1673 siccatus,
854 1612 1131 1679 digeritur
1150 1614 1209 1663 in
1234 1614 1508 1679 pastillos.
1547 1614 1736 1667 Sicca-

139 1690 229 1733 tur
249 1689 308 1733 et
329 1684 475 1749 ipsa,
517 1681 603 1732 vel
624 1687 832 1733 cortex.
904 1680 1197 1732 Laudatur
1214 1683 1443 1735 natione
1467 1682 1743 1749 Colopho-

139 1753 306 1814 nium,
330 1752 602 1819 Mysium,
622 1749 944 1805 Prienenset
985 1750 1170 1815 specie
1192 1757 1376 1803 autem
1398 1752 1653 1812 nitidum,
1686 1758 1744 1803 et

139 1835 300 1888 quam
327 1820 674 1873 simillimum
693 1819 916 1872 taurino
938 1818 1169 1887 glutini,
1209 1819 1504 1887 fungosum
1528 1819 1739 1870 tenuis-

140 1892 288 1943 simis
311 1889 538 1951 fistulis‚
563 1892 674 1943 cito
695 1891 1023 1957 liquescens,
1042 1890 1197 1939 virus
1214 1887 1489 1949 redolens,
1514 1889 1741 1939 cummi·

141 1976 356 2021 nosum,
402 1961 632 2028 linguae
653 1966 807 2011 tactu
841 1958 1167 2020 lactescens,
1190 1974 1352 2025 quam
1379 1958 1744 2019 levissimum,

138 2046 264 2082 cum
311 2030 555 2082 diluitur
587 2030 895 2083 albescens.
967 2030 1095 2081 Hoc
1121 2032 1305 2081 evenit
1327 2035 1384 2081 et
1408 2027 1744 2090 adulterino,

145 2100 289 2167 quod
319 2102 379 2151 fit
404 2100 524 2151 ervi
551 2097 751 2161 farina,
764 2106 820 2151 et
840 2098 1128 2167 tithymali
1151 2101 1353 2151 marini
1375 2114 1561 2158 succo,
1582 2095 1638 2147 in
1664 2099 1748 2149 lu·

146 2170 282 2222 daca
303 2172 450 2221 fere:
494 2168 642 2236 quod
665 2170 829 2221 etiam
852 2169 1170 2236 strangulat
1206 2175 1464 2222 sumtum.
1536 2166 1747 2233 Depre-

147 2239 410 2293 henditur
431 2245 615 2309 gustu.
685 2237 1039 2307 Titbymalus
1061 2240 1205 2291 enim
1230 2240 1481 2307 linguam
1506 2235 1751 2288 excalfa-

150 2310 236 2361 cit.
313 2310 464 2361 Usus
487 2308 637 2359 bimo
660 2327 672 2359 ε
694 2324 794 2361 nec
817 2317 964 2371 ante,
986 2325 1088 2361 nec
1110 2316 1304 2375 postea
1328 2308 1472 2359 utili.
1529 2304 1749 2359 Dedere

153 2386 202 2431 et
221 2394 326 2446 per
345 2394 411 2432 se
433 2393 502 2429 ex
525 2392 666 2444 aqua
684 2378 868 2430 mulsa
891 2383 948 2430 et
968 2378 1087 2430 sale
1109 2378 1395 2445 quaternis
1414 2375 1612 2427 obolis.
1637 2374 1747 2427 Sed

157 2449 455 2501 utilissime
481 2461 601 2498 cum
626 2447 857 2511 aloe,ita
880 2453 943 2499 ut
963 2448 1259 2514 incipiente
1272 2448 1597 2515 purgatione
1612 2446 1751 2497 mul-

157 2532 267 2569 sum
311 2519 564 2570 bibatur.
636 2517 729 2569 Fit
749 2524 806 2569 et
843 2517 1133 2569 decoctum
1169 2516 1375 2570 radicis
1412 2516 1468 2567 in
1498 2524 1656 2569 aceto
1679 2514 1746 2567 ad

159 2587 582 2639 erassitudinem
608 2588 807 2649 mellis,
830 2602 938 2654 quo
961 2586 1149 2653 lepr‘ae
1174 2586 1480 2650 illinuntur,
1505 2594 1561 2639 et
1584 2596 1747 2654 caput

157 2658 384 2723 ungitur
404 2657 464 2708 in
493 2656 684 2708 dolore
703 2674 825 2709 cum
853 2658 998 2709 oleo.

218 2726 488 2779 XXXIX.
531 2725 609 2778 15.
631 2727 1014 2795 Tithymalum
1026 2722 1207 2778 nostri
1221 2723 1446 2779 herbam
1456 2726 1747 2779 lactariam

225 2795 440 2851 Fun:
467 2798 632 2855 Tou.
668 2798 764 2854 lv.
1269 2794 1319 2847 G

1662 2976 1720 2992 .-⁵⁵
