2033 3044
300 152 606 205 NATUR.
644 151 992 212 H'ls'roR.
1034 153 1200 206 LlB.
1245 151 1478 209 XXVI.
1512 158 1559 207 8.
1582 157 1633 209 9.
1704 157 1771 209 87

193 271 306 308 rum
352 271 454 324 usu
498 256 571 309 ad
613 248 890 307 infinitum
926 257 1315 308 blandientem.
1387 258 1685 312 Praeterea
1719 263 1773 312 in

188 326 512 394 quibusdam
540 326 748 378 morbis
768 325 1021 376 medendi
1046 327 1320 378 cruciatus
1343 327 1595 392 detraxit,
1638 333 1775 382 utin

187 395 419 463 anginis,
456 410 592 461 quas
631 394 900 446 curabant
939 395 996 445 in
1034 394 1226 446 fauces
1270 409 1477 462 organo
1518 397 1773 450 demisso.

185 465 484 515 Damnavit
507 465 712 516 merito
729 470 793 514 et
813 464 1165 526 vomitiones,
1205 472 1339 516 tunc
1370 480 1533 534 supra
1550 467 1770 518 modum

181 533 519 602 frequentes.
590 534 802 600 Arg-uit,
823 539 881 585 et
921 533 1448 586 medicamentorum
1471 542 1631 603 potus
1652 543 1767 588 sto-

183 603 374 654 macho
399 603 677 665 inimic08‚
717 603 860 668 quod
904 611 990 654 est
1032 619 1231 671 magna
1254 619 1323 654 ex
1344 611 1499 671 parte
1521 610 1769 656 vetitum.

183 673 372 740 ltaque.
417 688 518 723 nos
559 673 618 722 in
656 673 849 738 primis
869 687 1011 739 quae
1044 679 1174 724 sunt
1212 673 1501 725 stomacho
1518 669 1683 726 'utilia
1704 679 1772 726 si·

251 758 422 794 amus.
740 788 747 793 .
1380 759 1385 766 ·

181 757 342 862 εἰ,ΠΩ
385 811 566 878 Super
585 811 776 861 omnia
789 810 1047 862 adiuvere
1071 827 1194 863 eum
1211 813 1463 878 Magicae
1482 813 1773 875 vanitates,

183 883 234 932 in
255 887 470 932 tantum
496 887 752 941 evectae,
793 886 852 929 ut
874 881 1143 946 abrogare
1168 881 1352 933 herbis
1373 883 1535 933 iidem
1562 883 1770 933 cunctis

185 956 422 1016 possent.
498 947 827 1015 Aethiopide
849 949 1021 1000 herba
1056 965 1241 1002 amnes
1264 965 1328 1002 ac
1356 959 1552 1018 stagna
1574 953 1769 1014 siccari

184 1023 452 1081 coniectu,
478 1025 631 1069 tactu
659 1018 847 1068 clausa
870 1019 1055 1071 omnia
1074 1021 1295 1085 aperiri.
1368 1019 1770 1072 ‘Achaemenide

184 1091 435 1141 coniecta
457 1091 517 1140 in
542 1090 720 1139 aciem
744 1085 980 1138 hostium
1005 1090 1285 1159 trepidare
1306 1091 1545 1158 agmina,
1576 1105 1641 1140 ac
1660 1097 1768 1142 tor-

173 1172 242 1225 ga
261 1165 500 1210 vertere.
579 1157 822 1208 Latacen
854 1157 972 1208 dari
1018 1159 1239 1209 solitam
1264 1159 1612 1210 ai’ersarum
1634 1175 1767 1228 rege
1797 1196 1807 1206 .

173 1228 391 1296 legatis,
433 1233 500 1278 ut
522 1241 844 1294 quocunque
869 1229 1159 1290 venissent,
1196 1229 1436 1280 omnium
1460 1245 1646 1281 rerum
1671 1245 1765 1281 co-

177 1297 265 1362 pia
290 1298 665 1349 abundarent:
689 1310 754 1346 ac
775 1296 950 1347 multa
971 1297 1193 1350 similia.
1228 1299 1457 1353 Ubinam
1478 1300 1619 1350 istae
1642 1298 1764 1350 fue-

173 1382 248 1430 re,
267 1383 386 1419 cum
405 1368 617 1419 Cimbri
641 1365 984 1436 Teutonique
1003 1369 1244 1420 terribili
1260 1369 1761 1430 Martefflularent,

179 1443 407 1488 autenm
427 1434 703 1486 Lucullus
721 1441 807 1487 tot
827 1447 988 1505 reges
1009 1437 1299 1506 Magorum
1322 1443 1509 1506 paucis
1531 1440 1764 1506 legioni-

176 1505 268 1558 bus
289 1504 604 1560 sterneret?
642 1505 818 1558 Curve
841 1507 1075 1558 Romani
1108 1508 1271 1561 duces
1294 1512 1523 1576 primam
1547 1524 1765 1576 semper

171 1580 222 1627 in
246 1578 410 1630 bellis
428 1578 884 1628 commerciorum
910 1576 1150 1629 habuere
1172 1581 1393 1630 curam?
1416 1580 1525 1630 Cur
1538 1579 1761 1631 hercule

171 1648 424 1699 Caesaris
449 1646 614 1697 miles
637 1644 706 1695 ad
721 1642 1062 1697 Pharsaliam
1086 1646 1285 1699 famem
1311 1650 1497 1711 sensit,
1518 1648 1566 1699 si
1588 1651 1761 1700 abun-

169 1716 358 1768 dantia
383 1716 571 1767 omnis
615 1717 933 1783 contingere
953 1718 1117 1766 unius
1143 1716 1345 1767 herbae
1366 1716 1639 1770 felicitate
1660 1734 1760 1783 po-

167 1787 349 1839 terat2
371 1785 424 1837 N
429 1801 502 1836 on
515 1784 694 1835 satius
709 1785 818 1835 fuit
833 1784 1191 1841 Aemilianum
1208 1783 1519 1851 Scipionem
1534 1786 1766 1837 Cartha·

167 1856 308 1924 ginis
331 1860 533 1923 portas
558 1853 724 1905 herba
746 1852 1061 1921 patefacere
1077 1889 1091 1914 ,
1137 1866 1301 1919 quam
1326 1854 1594 1905 machinis
1622 1854 1766 1903 clau-

167 1938 278 1977 stra
302 1928 406 1993 p'er
430 1929 520 1975 tot
545 1935 716 1985 annos
741 1920 1003 1991 quatere?
1027 1922 1313 1975 Siccentur
1334 1921 1500 1973 ho‘die
1510 1924 1764 1975 Meroide

169 1995 445 2047 Pontinae
469 1993 728 2058 paludes,
772 1999 1093 2061 tantumque
1116 1995 1240 2061 agri
1261 1994 1609 2047 suburbanae
1635 1994 1761 2045 red-

171 2064 332 2116 datur
352 2064 577 2117 ltaliae.
633 2062 771 2113 Nam
795 2077 934 2131 quae
956 2064 1098 2130 apud
1123 2064 1356 2117 eundem
1380 2064 1761 2115 Democritum

163 2134 449 2186 invenitur
491 2132 822 2197 compositio
853 2133 1254 2196 medicamenti,
1294 2150 1399 2201 quo
1436 2131 1651 2200 pulchri
1671 2132 1765 2182 bo-

167 2204 331 2273 nique
358 2208 416 2255 et
437 2201 714 2252 fortunati
734 2204 1031 2269 gignantur
1053 2204 1232 2267 liberi,
1266 2206 1355 2255 cui
1378 2217 1614 2269 unquam
1640 2201 1765 2253 Per·

166 2288 352 2325 sarum
376 2271 505 2338 regi
528 2270 884 2322 taies‘dediti
925 2274 1128 2323 Mirum
1149 2281 1297 2325 esset
1322 2272 1592 2339 profecto,
1636 2270 1764 2322 huc·

165 2358 340 2411 usque
387 2345 709 2410 provectam
763 2340 1150 2394 credulitatem
1194 2344 1575 2409 antiquorum,
1619 2342 1762 2393 salu·

167 2412 425 2465 berrimis
450 2416 634 2461 ortam
651 2409 854 2460 initiis:
893 2410 939 2460 si
961 2414 1015 2461 in
1058 2412 1175 2463 ulla
1194 2427 1257 2464 re
1279 2411 1500 2462 modum
1524 2409 1762 2463 humana

168 2480 392 2549 ingenia
415 2480 720 2541 novissent,
759 2486 926 2545 atque
950 2495 1058 2530 non
1080 2478 1219 2532 hanc
1239 2482 1410 2547 ipsam
1436 2481 1757 2531 medicinam

169 2550 233 2603 ab
257 2547 906 2619 Asclepiade-repertam,
929 2563 1029 2597 suo
1054 2548 1178 2600 loco
1202 2550 1488 2615 probaturi
1514 2566 1758 2602 essemus

171 2618 417 2673 evectam
441 2618 596 2669 ultra
615 2616 809 2684 Magos
833 2617 1020 2669 etiam.
1052 2617 1159 2671 Sed
1184 2618 1321 2670 haec
1342 2625 1426 2671 est
1449 2620 1593 2670 omni
1616 2621 1672 2671 in
1699 2634 1759 2670 re

170 2688 483 2743 animorum
515 2686 776 2747 conditio,
789 2693 850 2737 ut
871 2702 902 2737 a
924 2688 1253 2739 necessariis
1277 2702 1403 2739 orsa
1416 2689 1615 2756 primo,
1630 2702 1762 2739 cun-
