2033 3044
207 164 441 220 NATU
459 165 524 218 R.
545 165 892 219 HlsToR.
917 167 1080 222 LlB.
1102 168 1558 224 xxvm.45.46.
1628 167 1727 223 191

139 285 204 322 to
225 269 282 322 et
306 269 551 320 omnium
573 271 912 322 marinorum
935 271 1083 330 ictus
1094 272 1179 323 vel
1190 285 1422 333 morans,
1438 273 1727 341 coagulum

139 339 364 406 leporiS,
384 338 478 390 vel
498 337 687 401 hoedi,
708 339 796 390 vel
816 339 964 407 agni,
983 337 1281 392 drachmae
1301 342 1543 406 pondere
1562 357 1629 393 ex
1654 343 1731 393 vi·

143 423 227 458 no.
295 407 540 474 Leporis
561 407 854 473 coagulum
877 415 933 460 et
951 415 1149 460 contra
1168 424 1379 461 venena
1397 408 1621 460 additur
1640 425 1733 462 an·

140 475 347 526 tidotis.
392 475 610 541 Papilio
631 491 848 543 quoque
871 478 1223 530 lucernarum
1246 478 1545 528 luminibus
1566 477 1733 531 advo·

138 546 274 606 lans,
295 545 450 596 inter
471 546 617 595 mala
639 546 1043 598 medicamenta
1062 553 1401 598 numeratur.
1442 547 1591 598 Huic
1608 561 1733 598 con-

139 613 376 666 trarium
420 618 507 665 cst
546 613 699 664 iecur
733 615 1048 680 caprinumz
1091 617 1235 666 sicut
1268 616 1347 668 fel
1366 613 1645 676 veneficiis
1666 631 1733 668 ex

137 681 380 733 mustela
398 683 608 732 rustica
631 683 817 734 factis.
888 684 1040 736 Hinc
1060 684 1259 736 deinde
1295 691 1642 736 revertemur
1662 684 1735 736 ad

137 765 346 817 genera
365 751 700 802 morborum.

199 817 407 871 XLVI.
448 819 648 885 Capilli
671 819 912 872 defluvia
929 821 1155 871 ursinus
1194 821 1365 887 adeps
1386 820 1633 872 admixto
1653 821 1735 872 la·

134 888 280 939 dano
307 895 367 939 et
385 887 615 940 adianto
641 889 904 950 continet,
945 891 1336 958 alopeciasque
1359 890 1633 951 emendat,
1674 896 1735 940 et

133 957 425 1009 raritatem
449 956 890 1022 superciliorum,
924 973 1045 1008 cum
1070 956 1257 1026 fungis
1279 960 1643 1019 luces-narum,
1666 971 1732 1009 ac

135 1025 392 1094 fuligine,
438 1041 577 1092 quae
607 1025 696 1077 iest
715 1026 772 1076 in
805 1027 1003 1078 rostris
1026 1042 1233 1078 earum.
1304 1027 1583 1092 Porrigini
1606 1041 1733 1078 cum

131 1096 263 1147 vino
289 1093 533 1163 prodest.
581 1095 663 1146 Ad
687 1093 826 1146 hanc
845 1101 902 1147 et
923 1109 1123 1147 cornus
1144 1095 1355 1147 cervini
1374 1096 1509 1146 cinis
1530 1112 1563 1148 e
1583 1096 1731 1159 vino,

131 1171 302 1231 utque
324 1180 434 1216 non
456 1163 642 1215 taedia
661 1164 984 1215 animalium
1006 1164 1225 1232 capillis
1237 1166 1566 1217 increscant.
1590 1168 1730 1216 item

133 1231 212 1284 fel
235 1233 524 1300 caprinum
546 1247 665 1283 cum
690 1239 844 1285 creta
861 1234 1099 1286 Cimolia
1122 1240 1179 1285 et
1199 1239 1379 1296 aceto,
1414 1234 1496 1286 sic
1518 1239 1581 1284 ut
1599 1249 1732 1301 pau-

129 1303 243 1354 lum
265 1303 443 1368 capiti
463 1303 793 1354 inarescant.
845 1303 980 1354 Item
1006 1302 1082 1355 fel
1104 1305 1401 1354 serotinum
1426 1317 1545 1354 cum
1568 1304 1732 1356 urina

135 1371 302 1423 tauri.
375 1370 437 1424 Si
458 1384 590 1422 vero
612 1378 769 1422 vetus
789 1373 884 1434 sit,
921 1373 1088 1424 etiam
1112 1371 1359 1424 furfures
1378 1371 1599 1425 adiecto
1618 1373 1731 1424 sul·

129 1439 312 1507 phare
335 1439 610 1493 emendat.
666 1441 859 1492 cinere
882 1441 1145 1507 genitalis
1167 1443 1367 1494 asinini
1391 1441 1623 1508 spissari
1642 1457 1731 1494 ca·

129 1510 334 1578 pillum
359 1515 567 1577 putant,
607 1515 664 1561 et
688 1526 722 1561 a
744 1510 950 1563 canitie
971 1510 1269 1573 vindicari,
1305 1511 1353 1562 si
1376 1512 1518 1563 rasis
1538 1512 1727 1563 illina-

129 1588 240 1643 tur,
286 1580 618 1646 plumboque
640 1583 805 1631 tritus
829 1594 948 1630 cum
973 1579 1121 1630 oleo.
1189 1580 1427 1631 Densari
1448 1587 1505 1631 ct
1524 1581 1729 1631 asinini

130 1649 268 1718 pulli
293 1662 417 1699 cum
440 1649 628 1699 urina:
673 1648 1085 1713 admiscentque
1114 1650 1343 1699 nardum
1365 1647 1579 1699 fastidii
1604 1664 1733 1717 gra·

132 1721 229 1771 tia.
304 1717 596 1782 Alopecias
627 1716 760 1769 felle
801 1719 1023 1769 taurino
1048 1731 1170 1767 cum
1190 1717 1467 1783 Aegyptio
1491 1717 1730 1769 alumine

132 1784 432 1855 tepefactis
457 1786 696 1837 illinunt.
771 1786 987 1853 Capitis
1009 1783 1235 1835 bulcem
1264 1786 1549 1835 manantia
1570 1786 1732 1836 urina

133 1859 278 1909 tauri
303 1855 605 1909 efficaciter
625 1860 816 1908 sanat:
855 1856 992 1905 item
1014 1851 1253 1905 hominis
1277 1857 1452 1914 vetus,
1472 1852 1521 1901 si
1544 1853 1731 1919 cycla-

134 1928 344 1977 minum
367 1922 698 1987 adficiatur,
740 1929 799 1975 et
831 1922 1078 1989 sulphur.
1154 1922 1445 1973 Ellicacius
1464 1926 1651 1973 tamen
1674 1926 1731 1973 ct

135 1995 434 2047 vitulinum
459 1990 566 2043 fele
588 2008 693 2059 quo
717 2008 840 2044 cum
863 1998 1023 2043 aceto
1046 1990 1321 2043 calefacto
1342 1998 1399 2041 ct
1421 1990 1615 2042 lendes
1628 1991 1729 2041 tol-

131 2065 342 2117 luntur.
418 2061 613 2114 Sevum
659 2062 950 2113 vitulinum
975 2076 1098 2111 cum
1140 2060 1257 2112 sale
1278 2060 1493 2121 tritum,
1532 2060 1732 2126 capitis

131 2130 456 2185 hulceribus
479 2131 859 2181 utilissimum.
883 2130 1171 2181 Laudatur
1194 2136 1252 2183 et
1272 2130 1515 2195 vulpium
1541 2129 1733 2194 adeps,

131 2204 226 2255 sed
248 2200 554 2269 praecipue
577 2198 707 2251 felis
730 2202 914 2251 fimum
938 2215 1059 2251 cum
1100 2198 1308 2265 sinapis
1334 2197 1457 2265 pari
1479 2194 1645 2247 modo
1667 2196 1711 2246 il

132 2271 316 2323 litum.
349 2268 576 2333 caprini
601 2284 798 2319 cornus
818 2267 1000 2319 farina
1020 2268 1108 2320 vel
1132 2270 1289 2329 cinis,
1315 2267 1603 2333 magisque
1622 2264 1733 2315 hi*-

131 2341 260 2402 cini,
275 2338 475 2391 addito
499 2340 641 2387 uitro
661 2346 718 2389 et
733 2338 1019 2390 tamaricis
1038 2339 1261 2399 semine,
1274 2343 1332 2387 et
1353 2337 1559 2402 butyro
1580 2333 1731 2387 oleo-

131 2425 256 2477 que,
303 2409 460 2475 prius
483 2406 661 2473 capite
684 2422 830 2469 raso,
876 2407 1014 2457 mirc
1048 2407 1334 2457 continent
1368 2405 1448 2455 ita
1470 2404 1726 2456 fluentem

129 2478 420 2546 capillum.
441 2474 645 2531 ‚Sicuti
667 2478 845 2527 carnis
869 2475 1057 2527 cinere
1076 2490 1145 2527 ex
1166 2476 1291 2525 olco
1316 2474 1468 2524 illito
1487 2475 1728 2540 superci-

128 2548 206 2599 lia
225 2549 575 2615 nigrescunt.
650 2545 823 2597 Lacte
846 2544 1072 2610 caprino
1114 2543 1305 2595 lendes
1326 2542 1451 2594 tolli
1472 2544 1726 2595 tradunt.

129 2618 258 2667 iimo
286 2630 413 2667 cum
436 2613 602 2664 melle
643 2615 923 2681 alopecias
960 2613 1200 2680 expleri:
1242 2614 1373 2663 item
1400 2613 1725 2681 ungularum

129 2686 316 2740 cinere
346 2698 472 2735 cum
495 2684 630 2748 pice,
649 2684 910 2739 fluentem
939 2686 1202 2755 capillum
1224 2684 1512 2737 contineri.
1542 2682 1723 2750 Lepo-
