2033 3044
292 156 367 213 46
662 156 722 207 C.
793 151 1066 205 PLan
1136 149 1513 205 SEcuNm

296 260 557 327 gumento
582 255 884 307 etiamnum
904 255 1146 320 durante
1169 255 1225 305 in
1244 253 1448 305 Marsis
1470 268 1503 305 a
1524 252 1641 305 filio
1662 251 1787 305 eius
1806 266 1893 305 or-

295 337 358 379 ta
378 332 562 394 gente,
608 339 743 392 quos
785 340 906 376 esse
947 324 1253 375 domitores
1293 324 1628 389 serpentium
1656 328 1893 375 constat.

295 396 576 447 Homerus
614 393 834 460 quidem
878 392 1089 460 primus
1112 391 1491 444 doctrinarum
1517 399 1573 441 et
1600 392 1899 458 antiquita·

298 464 372 516 tis
399 478 616 530 parens,
659 463 862 514 multus
897 463 1036 513 alias
1058 463 1113 511 in
1138 459 1509 513 admiratione
1532 461 1741 525 Circes,
1782 461 1901 527 glo-

302 536 442 586 riam
466 530 758 584 herbarum
781 534 1035 599 Aegypto
1058 530 1281 581 tribuit:
1306 545 1429 581 cum
1454 532 1647 592 etiam,
1666 544 1809 595 quae
1832 529 1905 579 ri·

304 608 488 669 gatur,
509 605 796 667 Aegyptus
817 600 918 651 illa
940 616 1051 650 non
1072 606 1239 661 esset,
1281 606 1478 665 postea
1507 599 1749 651 ssuniinis
1770 599 1904 651 limo

299 674 540 723 invecta.
574 670 792 720 Herbas
813 675 968 721 certe
989 668 1289 735 Aegyptias
1310 683 1345 719 a
1364 672 1513 734 regis
1536 682 1711 719 uxore
1734 666 1907 718 tradi-

303 748 393 792 tas
436 754 570 791 suae
604 738 857 791 Helenae
902 738 1171 804 plurimas
1213 742 1421 798 narrat,
1462 750 1527 787 ac
1548 736 1741 789 nobile
1762 736 1905 787 illud
2010 778 2012 797 ,

305 805 625 874 nepenthes,
657 807 990 859 oblivionem
1013 806 1281 857 tristitiae
1300 806 1627 872 veniamque
1649 803 1910 867 afferens,
2010 822 2012 831 ⁴

307 884 366 931 et
389 877 459 929 ab
481 876 700 927 Helena
737 880 927 942 utique
950 876 1206 927 omnibus
1250 874 1580 935 mortalibus
1601 874 1905 940 propinari·
2010 884 2012 891 ¹

307 946 458 999 dum.
531 944 750 996 Primus
772 952 956 997 autem
980 946 1244 1004 omnium,
1285 958 1420 1009 quos
1440 943 1714 995 memoria
1734 944 1911 1005 novit,
2010 942 2012 1005 l

309 1012 562 1082 Orpheus
606 1013 673 1066 de
702 1012 890 1065 herbis
913 1014 1183 1064 curiosius
1220 1012 1410 1078 aliqua
1430 1012 1699 1078 prodidit.
1775 1012 1914 1064 Post
2011 1014 2012 1027 ¹

310 1100 434 1137 eum
450 1084 712 1134 Musaeus
735 1088 793 1134 et
804 1082 1085 1133 Hesiodus
1104 1080 1295 1148 polion
1315 1080 1539 1134 herbam
1564 1080 1621 1131 in
1635 1088 1908 1148 quantum

310 1154 502 1205 mirati
523 1158 670 1213 sunt,
693 1150 948 1203 diximus.
1006 1151 1263 1216 Orpheus
1286 1156 1344 1203 et
1362 1149 1647 1201 Hesiodus
1666 1150 1909 1202 suffitio-

312 1238 408 1273 nes
450 1222 920 1272 commendavere.
991 1220 1272 1271 Homerus
1317 1226 1374 1270 et
1404 1218 1545 1270 alias
1578 1220 1915 1271 nominatim

312 1287 513 1342 herbas
537 1288 806 1352 celebrat,
826 1305 964 1355 quas
985 1290 1101 1339 suis
1120 1290 1262 1341 locis
1282 1288 1549 1339 dicemus.
1604 1290 1687 1341 Ab
1708 1304 1780 1341 eo
1802 1289 1913 1356 Py-

313 1357 579 1425 thagoras
608 1355 789 1408 clarus
807 1358 1102 1424 sapientia,
1125 1358 1331 1425 primus
1350 1357 1608 1409 volumen
1629 1357 1700 1410 de
1720 1372 1917 1411 carum

315 1424 518 1480 effectu
541 1428 867 1491 composuit,
887 1426 1151 1493 Apollini,
1172 1427 1625 1493 Aesculapioque,
1666 1434 1727 1479 et
1748 1428 1811 1478 in
1834 1434 1919 1479 to-

314 1504 432 1550 tum
457 1494 564 1547 diis
585 1494 992 1549 immortalibus
1012 1496 1333 1550 inventione
1357 1502 1413 1549 et
1434 1496 1649 1563 origine
1670 1500 1920 1565 assigna-

312 1573 392 1618 ta.
417 1565 740 1630 Composuit
765 1571 820 1618 et
842 1567 1221 1628 Democritus,
1266 1566 1431 1618 ambo
1452 1569 1769 1632 peragratis
1794 1568 1921 1618 Per·

315 1635 472 1697 sidia,
491 1633 749 1698 Arabiae,
773 1634 1121 1702 Aethiopiae,
1139 1637 1492 1703 Aegyptique
1513 1635 1717 1702 Magis.
1742 1636 1922 1688 Adeo-

316 1720 425 1774 que
466 1702 538 1754 ad
575 1700 712 1755 haec
736 1705 980 1755 attonita
1022 1708 1326 1770 antiquitas
1353 1704 1485 1764 fuit,
1530 1710 1593 1754 ut
1612 1703 1924 1758 affirmaret

318 1775 491 1830 etiam
512 1773 870 1826 incredibilia
894 1774 1065 1826 dictu.
1135 1772 1393 1826 Xanthus
1430 1771 1800 1824 historiarum
1818 1789 1920 1825 au-

318 1851 460 1906 ctor,
483 1841 541 1894 in
562 1846 745 1910 prima
767 1859 952 1896 earum
975 1842 1167 1906 tradit,
1211 1844 1453 1896 occisum
1478 1842 1739 1894 draconis
1764 1852 1921 1894 catu-

316 1915 430 1966 lum
455 1917 774 1965 revocatum
797 1911 866 1962 ad
890 1915 1056 1963 vitam
1083 1927 1117 1963 a
1137 1919 1389 1978 parente,
1424 1909 1611 1974 herba,
1634 1927 1801 1978 quam
1826 1914 1923 1964 ba-

317 1985 398 2035 lin
419 1983 696 2033 nominat:
721 1983 1023 2049 eademque
1044 1981 1377 2048 OE'hylonem,
1398 1996 1559 2047 quem
1583 1981 1756 2032 draco
1778 1984 1927 2034 occi·
2009 2001 2010 2010 ¹

319 2053 499 2113 derat,
523 2054 842 2102 restitutum
869 2051 1055 2102 saluti.
1096 2054 1169 2102 Et
1192 2050 1327 2101 Iuba
1347 2050 1402 2100 in
1422 2050 1627 2102 Arabia
1647 2049 1825 2102 herba
1844 2066 1929 2102 re·

318 2127 576 2172 vocatum
603 2120 673 2172 ad
696 2119 866 2170 vitam
891 2119 1170 2182 hominem
1194 2120 1384 2171 tradit.
1462 2118 1617 2170 Dixit
1641 2119 1931 2172 Democri·
2009 2135 2010 2174 l

319 2197 429 2250 tus,
465 2189 702 2242 credidit
722 2188 1161 2256 Theophrastus,
1203 2205 1323 2240 esse
1347 2187 1593 2250 herbam,
1614 2190 1775 2238 cuius
1800 2203 1928 2239 con-

320 2265 478 2312 tactu
499 2258 696 2310 illatae
717 2259 786 2310 ab
805 2259 970 2322 alite,
1014 2273 1178 2324 quam
1202 2257 1513 2320 retulimus,
1552 2255 1811 2308 exsiliret
1842 2273 1934 2308 cu·-

324 2344 461 2380 neus
485 2343 518 2378 a
541 2328 856 2394 pastoribus
881 2329 1070 2380 arbori
1091 2329 1349 2379 adactus:
1392 2342 1534 2393 quae
1572 2325 1801 2378 etiamsi
1818 2325 1937 2380 fide

327 2404 516 2448 carent
535 2432 552 2459 ,
593 2397 1014 2449 admirationem
1058 2406 1242 2448 tamen
1280 2395 1543 2462 implent:
1607 2401 1938 2464 coguntque

327 2465 610 2528 confiteri,
651 2464 882 2518 multum
910 2483 1033 2519 esse
1056 2466 1198 2532 quod
1223 2480 1356 2517 vero
1382 2465 1639 2530 supersit.
1714 2465 1855 2517 lude
1876 2471 1938 2518 et

325 2531 620 2600 plerosque
643 2537 723 2586 ita
745 2536 907 2588 video
947 2535 1290 2598 existimare,
1332 2533 1472 2586 nihil
1496 2550 1605 2586 non
1626 2532 1937 2586 herbarum

325 2599 382 2649 ri
403 2597 545 2650 effici
566 2617 748 2668 posse,
770 2605 864 2655 sed
889 2603 1247 2670 plurimarum
1273 2603 1421 2655 vires
1444 2619 1566 2656 esse
1584 2603 1937 2670 incognitam

330 2681 566 2736 quorum
588 2671 646 2722 in
668 2687 894 2724 numero
938 2673 1046 2724 fuit
1071 2672 1405 2740 Herophilus
1428 2673 1611 2742 clarus
1630 2672 1938 2738 medicina,
