2033 3044
249 184 553 241 NATUR.
578 188 916 242 HlsToR.
945 188 1109 243 LlB.
1134 188 1381 243 xxvnl.
1403 190 1585 244 49.5‹).
1660 188 1759 245 195

187 288 437 340 suadent.
457 292 626 343 Talus
643 293 880 345 bubulus
905 308 1183 353 accensus,
1203 307 1297 341 eos
1317 294 1407 357 qui
1428 294 1617 347 labant
1636 312 1697 347 cu
1706 314 1753 347 m

189 357 403 421 dolore,
423 359 678 412 admotus
699 362 1293 414 confirmat.·Eiusdem
1318 361 1453 411 cinis
1476 378 1593 413 cum
1616 380 1760 433 myr-

185 425 306 490 rha,
332 426 705 481 dentifricium
731 438 832 483 est.
873 433 1015 482 Ossa
1038 444 1251 498 quoque
1276 444 1343 479 ex
1362 432 1583 497 ungulis
1606 448 1760 485 suum

187 498 496 559 combusta,
517 501 750 552 eundem
769 515 927 551 usum
948 501 1239 567 praebent:
1260 500 1391 549 item
1413 513 1539 550 ossa
1558 516 1625 551 ex
1646 518 1765 555 ace-

184 566 392 617 tabulis
411 580 706 632 pernarum
721 606 738 633 ,
775 571 922 621 circa
956 572 1095 635 quae
1118 568 1441 619 coxendices
1461 576 1763 622 vertuntur.

186 636 388 687 lisdem
410 639 620 700 sanari,
662 639 915 690 demissis
931 640 988 689 in
1011 638 1202 689 fauces
1223 638 1606 699 iumentorum,
1646 654 1761 691 ver·

187 705 526 758 minutiones
547 713 736 758 uotum
761 714 872 759 est:
905 706 1000 759 sed
1024 713 1081 757 et
1104 708 1400 758 combustis
1424 708 1616 759 dentes
1640 724 1765 759 con-

185 775 413 825 firmari.
451 777 682 827 Asinin'o
704 792 918 843 quoque
937 776 1085 827 lacte
1106 790 1368 842 percussu
1388 783 1637 839 vexatos,
1663 784 1762 829 aut

185 842 438 893 dentium
459 845 704 895 eiusdem
729 848 935 897 cinere:
959 843 1173 897 lichene
1194 848 1329 897 item
1352 846 1477 911 equi
1498 861 1617 897 cum
1640 848 1763 899 oleo

181 910 374 963 infuso
393 926 496 978 per
514 928 719 967 aurem.
791 916 892 965 Est
911 920 1091 964 autem
1116 914 1221 966 hoc
1254 931 1362 967 non
1386 914 1763 983 hippomanes,

183 981 336 1049 quod
381 982 593 1049 alioqui
617 984 842 1033 noxium
865 983 1066 1034 omitto
1082 1018 1097 1045 ‚
1136 983 1310 1035 sedin
1332 1000 1590 1051 equorum
1614 986 1764 1053 geni-

183 1051 303 1114 bus,
327 1065 396 1103 ac
419 1066 584 1118 super
605 1052 852 1120 ungulas.
915 1052 1210 1105 Praeterea
1230 1053 1287 1102 in
1310 1054 1473 1105 corde
1497 1069 1764 1121 equorum

180 1120 465 1175 invenitur
484 1136 562 1184 os,
604 1122 858 1173 dentibus
897 1122 1109 1173 caninis
1138 1122 1391 1173 maximis
1412 1125 1617 1175 simile:
1658 1123 1763 1175 hoc

179 1190 486 1243 scarificari
509 1191 786 1253 dolorem,
825 1196 922 1242 aut
943 1198 1162 1243 exemto
1184 1191 1349 1243 dente
1371 1195 1611 1244 emortui
1634 1196 1764 1261 equi

177 1260 446 1324 maxillis,
467 1261 538 1312 ad
559 1276 842 1313 numerum
866 1262 984 1312 eius
1006 1262 1097 1327 qui
1120 1262 1325 1323 doleat,
1362 1261 1760 1315 demonstrant.'

181 1332 459 1397 Equorum
479 1332 632 1381 virus
655 1346 690 1381 a
711 1333 862 1382 coitu
902 1332 957 1381 iu
1000 1329 1217 1399 lychnis
1256 1346 1541 1384 accensum
1567 1335 1760 1385 Anaxi-

179 1402 304 1451 ltus
315 1399 584 1465 prodidit,
595 1400 918 1467 equinorum
931 1402 1175 1466 capitum
1187 1402 1335 1453 visus
1347 1410 1761 1469 repraesentare

179 1468 548 1521 mensu-ilicet
590 1470 846 1521 similiter
865 1484 932 1520 ex
975 1470 1167 1520 asinis.
1238 1470 1377 1521 Nam
1402 1472 1759 1540 hippomanes

177 1540 443 1593 tantas'in
463 1540 735 1591 veneficio⁴
753 1541 902 1590 vires
921 1537 1109 1600 habet,
1130 1544 1193 1589 ut
1214 1539 1445 1591 affusum
1470 1547 1613 1594 aeris
1627 1547 1763 1594 mix·

177 1619 340 1662 turae
360 1608 419 1659 in
466 1607 700 1675 effigi-em
739 1621 912 1675 equae
935 1608 1245 1674 Olympiae,
1288 1610 1537 1662 admotos
1574 1627 1759 1664 mares

175 1693 352 1746 equos
393 1677 464 1729 ad
495 1678 704 1744 rabiem
729 1678 906 1728 coitus
931 1682 1081 1742 agat.
1152 1676 1406 1728 Medetur
1429 1681 1682 1732 dentibus
1704 1687 1763 1732 et

178 1748 380 1801 fabrile
397 1748 692 1816 glutinum,
728 1748 785 1797 in
807 1761 950 1813 aqua
986 1745 1291 1806 decoctum,
1335 1747 1663 1814 illitumque,
1704 1755 1763 1802 et

181 1832 311 1870 mox
331 1818 502 1887 paulo
540 1816 868 1878 detractum,
911 1818 992 1866 ita
1030 1820 1095 1865 ut
1134 1813 1422 1866 confestim
1444 1817 1763 1866 colluantur·

179 1889 332 1951 vino,
349 1889 410 1938 in
431 1901 536 1954 quo
562 1886 781 1939 decocti
801 1890 928 1936 sunt
949 1886 1187 1938 cortices
1204 1883 1334 1934 mali
1355 1883 1545 1935 Punici
1570 1885 1763 1937 dulcis.

179 1956 396 2010 Efficax
435 1956 670 2009 habetur
710 1963 768 2006 et
799 1955 1023 2022 caprino
1066 1954 1210 2004 lacte
1235 1952 1401 2004 collui
1425 1953 1635 2016 dentes,
1675 1953 1765 2004 vel

176 2025 316 2079 felle
339 2027 578 2078 taurino.
640 2025 907 2077 Telorum
933 2039 1135 2091 caprae
1154 2023 1454 2074 recentium
1480 2024 1617 2074 cinis
1637 2023 1765 2074 den-

173 2095 396 2148 tifricio
419 2095 617 2162 placet,
643 2102 704 2146 et
723 2095 963 2146 omnium
983 2093 1104 2146 fere
1124 2093 1493 2144 villaticarum
1518 2092 1761 2159 quadru-

175 2165 398 2234 pedum,
421 2181 490 2216 ne
513 2165 735 2230 saepius
757 2165 948 2217 eadem
973 2165 1247 2216 dicantur.

244 2234 312 2286 L.
351 2235 542 2286 Cutem
566 2237 620 2284 in
646 2233 786 2285 facie
810 2234 1039 2302 erugari
1060 2241 1115 2284 et
1136 2239 1479 2292 tenerescere
1496 2265 1511 2292 ,
1556 2239 1612 2281 et
1634 2243 1761 2281 can-

175 2304 372 2356 dorem
396 2303 678 2356 custodire
702 2305 848 2354 lacte
869 2305 1082 2354 asinino
1105 2307 1315 2367 putant.
1342 2300 1655 2365 Notumque
1676 2305 1763 2351 est

211 2373 442 2426 uasdam
489 2373 738 2440 quotidie
779 2372 1173 2439 septingenties
1216 2369 1493 2422 custodito
1534 2383 1761 2421 numero

173 2389 388 2498 ἕστατο.
441 2442 698 2509 Poppaea
715 2442 820 2493 hoc
840 2441 1073 2494 Neronis
1094 2439 1367 2506 principis
1387 2439 1645 2503 instituit,
1665 2441 1759 2493 ba·

173 2513 449 2566 linearum
472 2527 686 2580 quoque
706 2512 850 2564 solia
868 2511 950 2562 sic
971 2516 1303 2576 temperans,
1339 2509 1615 2560 asinarum
1640 2523 1759 2577 gre-

173 2583 339 2651 gibus
364 2584 436 2634 ob
456 2580 563 2633 hoc
593 2597 714 2633 enm
759 2579 1169 2646 comitantibus.
1238 2578 1480 2643 Impetus
1522 2582 1755 2647 pituitae
1777 2584 1783 2590 “

173 2653 234 2704 in
255 2652 422 2716 facie,
459 2653 665 2718 butyro
707 2651 852 2703 illito
891 2649 1194 2702 tonantum
1236 2646 1507 2701 efficacius
1529 2664 1647 2702 cum
1671 2663 1751 2702 ee·

175 2737 358 2778 mssa.
431 2721 660 2776 Sincere
680 2735 812 2774 vero
832 2720 968 2774 vitia
987 2731 1131 2787 quae
1152 2724 1392 2839 serfiugt‘
1411 2720 1637 2789 insuper
1656 2721 1755 2772 im·
