<?xml version="1.0" encoding="UTF-8"?>
<!DOCTYPE html PUBLIC "-//W3C//DTD XHTML 1.0 Transitional//EN"
    "http://www.w3.org/TR/xhtml1/DTD/xhtml1-transitional.dtd">
<html xmlns="http://www.w3.org/1999/xhtml" xml:lang="en" lang="en">
 <head>
  <title>
</title>
<meta http-equiv="Content-Type" content="text/html;charset=utf-8" />
  <meta name='ocr-system' content='tesseract 3.04.00' />
  <meta name='ocr-capabilities' content='ocr_page ocr_carea ocr_par ocr_line ocrx_word'/>
</head>
<body>
  <div class='ocr_page' id='page_1' title='image "./historiaenatura05plingoog_0119.png"; bbox 0 0 2033 3044; ppageno 0'>
   <div class='ocr_carea' id='block_1_1' title="bbox 299 165 1998 340">
    <p class='ocr_par' dir='ltr' id='par_1_1' title="bbox 299 165 1998 340">
     <span class='ocr_line' id='line_1_1' title="bbox 299 165 1541 224; baseline -0.006 0"><span class='ocrx_word' id='word_1_1' title='bbox 299 171 400 224; x_wconf 80' lang='lat'><strong>112</strong></span> <span class='ocrx_word' id='word_1_2' title='bbox 731 169 790 220; x_wconf 83' lang='lat' dir='ltr'><strong>C.</strong></span> <span class='ocrx_word' id='word_1_3' title='bbox 847 167 1119 220; x_wconf 77' lang='lat' dir='ltr'><strong>PLlNll</strong></span> <span class='ocrx_word' id='word_1_4' title='bbox 1172 165 1541 219; x_wconf 78' lang='lat' dir='ltr'><strong>SECUNDI</strong></span> 
     </span>
     <span class='ocr_line' id='line_1_2' title="bbox 299 263 1998 340; baseline 0 -14"><span class='ocrx_word' id='word_1_5' title='bbox 299 273 499 331; x_wconf 80' lang='lat' dir='ltr'><strong>febres,</strong></span> <span class='ocrx_word' id='word_1_6' title='bbox 537 273 1004 340; x_wconf 70' lang='lat' dir='ltr'><strong>impugnatur-que</strong></span> <span class='ocrx_word' id='word_1_7' title='bbox 1038 271 1325 322; x_wconf 85' lang='lat' dir='ltr'><strong>centaurio</strong></span> <span class='ocrx_word' id='word_1_8' title='bbox 1366 270 1583 323; x_wconf 88' lang='lat' dir='ltr'><strong>maiore</strong></span> <span class='ocrx_word' id='word_1_9' title='bbox 1624 275 1719 336; x_wconf 86' lang='lat' dir='ltr'><strong>(ut</strong></span> <span class='ocrx_word' id='word_1_10' title='bbox 1764 273 1917 327; x_wconf 77' lang='lat' dir='ltr'><strong>dixi-</strong></span> <span class='ocrx_word' id='word_1_11' title='bbox 1997 263 1998 272; x_wconf 40' lang='lat'>¹</span> 
     </span>
    </p>
   </div>
   <div class='ocr_carea' id='block_1_2' title="bbox 299 340 1921 408">
    <p class='ocr_par' dir='ltr' id='par_1_2' title="bbox 299 339 1998 414">
     <span class='ocr_line' id='line_1_3' title="bbox 299 340 1921 408; baseline 0.001 -14"><span class='ocrx_word' id='word_1_12' title='bbox 299 347 444 394; x_wconf 68' lang='lat' dir='ltr'><strong>mus)</strong></span> <span class='ocrx_word' id='word_1_13' title='bbox 467 348 620 408; x_wconf 90' lang='lat' dir='ltr'><strong>poto,</strong></span> <span class='ocrx_word' id='word_1_14' title='bbox 663 341 984 401; x_wconf 81' lang='lat' dir='ltr'><strong>Vettonica,</strong></span> <span class='ocrx_word' id='word_1_15' title='bbox 1028 342 1235 407; x_wconf 85' lang='lat' dir='ltr'><strong>agarici</strong></span> <span class='ocrx_word' id='word_1_16' title='bbox 1274 340 1454 390; x_wconf 85' lang='lat' dir='ltr'><strong>obolis</strong></span> <span class='ocrx_word' id='word_1_17' title='bbox 1489 343 1673 392; x_wconf 85' lang='lat' dir='ltr'><strong>tribus</strong></span> <span class='ocrx_word' id='word_1_18' title='bbox 1698 359 1769 394; x_wconf 84' lang='lat' dir='ltr'><strong>ex</strong></span> <span class='ocrx_word' id='word_1_19' title='bbox 1790 346 1921 397; x_wconf 79' lang='lat' dir='ltr'><strong>vini</strong></span> 
     </span>
    </p>
   </div>
   <div class='ocr_carea' id='block_1_3' title="bbox 295 409 1913 1038">
    <p class='ocr_par' dir='ltr' id='par_1_3' title="bbox 295 409 1913 1038">
     <span class='ocr_line' id='line_1_4' title="bbox 297 409 1913 478; baseline 0.002 -17"><span class='ocrx_word' id='word_1_20' title='bbox 297 413 501 463; x_wconf 81' lang='lat' dir='ltr'><strong>veteris</strong></span> <span class='ocrx_word' id='word_1_21' title='bbox 526 410 760 478; x_wconf 77' lang='lat' dir='ltr'><strong>cyatho:</strong></span> <span class='ocrx_word' id='word_1_22' title='bbox 797 413 929 462; x_wconf 82' lang='lat' dir='ltr'><strong>item</strong></span> <span class='ocrx_word' id='word_1_23' title='bbox 951 410 1294 461; x_wconf 74' lang='lat' dir='ltr'><strong>verbenacae</strong></span> <span class='ocrx_word' id='word_1_24' title='bbox 1324 409 1480 470; x_wconf 85' lang='lat' dir='ltr'><strong>folio,</strong></span> <span class='ocrx_word' id='word_1_25' title='bbox 1512 410 1699 462; x_wconf 88' lang='lat' dir='ltr'><strong>obolis</strong></span> <span class='ocrx_word' id='word_1_26' title='bbox 1722 414 1913 465; x_wconf 84' lang='lat' dir='ltr'><strong>tribus</strong></span> 
     </span>
     <span class='ocr_line' id='line_1_5' title="bbox 297 477 1908 549; baseline -0.001 -16"><span class='ocrx_word' id='word_1_27' title='bbox 297 497 365 534; x_wconf 85' lang='lat' dir='ltr'><strong>ex</strong></span> <span class='ocrx_word' id='word_1_28' title='bbox 387 483 500 532; x_wconf 77' lang='lat' dir='ltr'><strong>vini</strong></span> <span class='ocrx_word' id='word_1_29' title='bbox 524 481 690 532; x_wconf 89' lang='lat' dir='ltr'><strong>calidi</strong></span> <span class='ocrx_word' id='word_1_30' title='bbox 712 480 932 531; x_wconf 82' lang='lat' dir='ltr'><strong>hemina</strong></span> <span class='ocrx_word' id='word_1_31' title='bbox 943 479 1258 546; x_wconf 86' lang='lat' dir='ltr'><strong>quatriduo.</strong></span> <span class='ocrx_word' id='word_1_32' title='bbox 1296 477 1404 529; x_wconf 87' lang='lat' dir='ltr'><strong>Sed</strong></span> <span class='ocrx_word' id='word_1_33' title='bbox 1428 480 1724 532; x_wconf 72' lang='lat' dir='ltr'>celerrime</span> <span class='ocrx_word' id='word_1_34' title='bbox 1746 483 1908 549; x_wconf 89' lang='lat' dir='ltr'><strong>quin-</strong></span> 
     </span>
     <span class='ocr_line' id='line_1_6' title="bbox 297 547 1910 618; baseline 0.001 -16"><span class='ocrx_word' id='word_1_35' title='bbox 297 551 524 618; x_wconf 84' lang='lat' dir='ltr'><strong>quefolii</strong></span> <span class='ocrx_word' id='word_1_36' title='bbox 548 565 742 602; x_wconf 85' lang='lat' dir='ltr'><strong>succus</strong></span> <span class='ocrx_word' id='word_1_37' title='bbox 765 549 1015 601; x_wconf 87' lang='lat' dir='ltr'><strong>medetur</strong></span> <span class='ocrx_word' id='word_1_38' title='bbox 1034 548 1211 599; x_wconf 85' lang='lat' dir='ltr'><strong>tribus</strong></span> <span class='ocrx_word' id='word_1_39' title='bbox 1229 547 1449 615; x_wconf 84' lang='lat' dir='ltr'><strong>cyathis</strong></span> <span class='ocrx_word' id='word_1_40' title='bbox 1473 556 1642 614; x_wconf 85' lang='lat' dir='ltr'><strong>potus</strong></span> <span class='ocrx_word' id='word_1_41' title='bbox 1666 565 1797 602; x_wconf 90' lang='lat' dir='ltr'><strong>cum</strong></span> <span class='ocrx_word' id='word_1_42' title='bbox 1822 567 1910 604; x_wconf 88' lang='lat' dir='ltr'><strong>sa-</strong></span> 
     </span>
     <span class='ocr_line' id='line_1_7' title="bbox 296 617 1906 688; baseline -0.001 -14"><span class='ocrx_word' id='word_1_43' title='bbox 296 621 350 674; x_wconf 85' lang='lat' dir='ltr'><strong>le</strong></span> <span class='ocrx_word' id='word_1_44' title='bbox 372 627 427 672; x_wconf 91' lang='lat' dir='ltr'><strong>et</strong></span> <span class='ocrx_word' id='word_1_45' title='bbox 449 621 634 673; x_wconf 89' lang='lat' dir='ltr'><strong>melle.</strong></span> <span class='ocrx_word' id='word_1_46' title='bbox 705 619 1010 688; x_wconf 80' lang='lat' dir='ltr'><strong>cyclamini</strong></span> <span class='ocrx_word' id='word_1_47' title='bbox 1044 619 1206 669; x_wconf 83' lang='lat' dir='ltr'>radix</span> <span class='ocrx_word' id='word_1_48' title='bbox 1228 617 1504 669; x_wconf 80' lang='lat' dir='ltr'><strong>drachmis</strong></span> <span class='ocrx_word' id='word_1_49' title='bbox 1541 620 1726 671; x_wconf 79' lang='lat' dir='ltr'><strong>tribus</strong></span> <span class='ocrx_word' id='word_1_50' title='bbox 1748 622 1906 673; x_wconf 86' lang='lat' dir='ltr'><strong>bibi·-</strong></span> 
     </span>
     <span class='ocr_line' id='line_1_8' title="bbox 295 688 1905 753; baseline 0 -11"><span class='ocrx_word' id='word_1_51' title='bbox 295 698 392 742; x_wconf 92' lang='lat' dir='ltr'><strong>tur</strong></span> <span class='ocrx_word' id='word_1_52' title='bbox 413 690 470 740; x_wconf 89' lang='lat' dir='ltr'><strong>in</strong></span> <span class='ocrx_word' id='word_1_53' title='bbox 493 692 619 742; x_wconf 92' lang='lat' dir='ltr'><strong>loco</strong></span> <span class='ocrx_word' id='word_1_54' title='bbox 645 689 840 750; x_wconf 90' lang='lat' dir='ltr'><strong>calido,</strong></span> <span class='ocrx_word' id='word_1_55' title='bbox 865 695 923 740; x_wconf 88' lang='lat' dir='ltr'><strong>et</strong></span> <span class='ocrx_word' id='word_1_56' title='bbox 945 705 978 739; x_wconf 87' lang='lat' dir='ltr'><strong>a</strong></span> <span class='ocrx_word' id='word_1_57' title='bbox 998 688 1451 753; x_wconf 79' lang='lat' dir='ltr'><strong>perfrictionibus</strong></span> <span class='ocrx_word' id='word_1_58' title='bbox 1474 694 1629 739; x_wconf 87' lang='lat' dir='ltr'><strong>tuto:</strong></span> <span class='ocrx_word' id='word_1_59' title='bbox 1665 691 1905 743; x_wconf 87' lang='lat' dir='ltr'><strong>sudores</strong></span> 
     </span>
     <span class='ocr_line' id='line_1_9' title="bbox 299 757 1903 825; baseline 0 -12"><span class='ocrx_word' id='word_1_60' title='bbox 299 762 441 813; x_wconf 89' lang='lat' dir='ltr'><strong>enim</strong></span> <span class='ocrx_word' id='word_1_61' title='bbox 465 759 666 812; x_wconf 78' lang='lat' dir='ltr'><strong>felleos</strong></span> <span class='ocrx_word' id='word_1_62' title='bbox 693 764 891 810; x_wconf 81' lang='lat' dir='ltr'><strong>movet.</strong></span> <span class='ocrx_word' id='word_1_63' title='bbox 935 757 1123 818; x_wconf 59' lang='lat' dir='ltr'><strong>,Folia</strong></span> <span class='ocrx_word' id='word_1_64' title='bbox 1142 757 1483 824; x_wconf 75' lang='lat' dir='ltr'><strong>tussilaginis</strong></span> <span class='ocrx_word' id='word_1_65' title='bbox 1508 771 1579 809; x_wconf 87' lang='lat' dir='ltr'><strong>ex</strong></span> <span class='ocrx_word' id='word_1_66' title='bbox 1605 773 1781 825; x_wconf 78' lang='lat' dir='ltr'><strong>aqua:</strong></span> <span class='ocrx_word' id='word_1_67' title='bbox 1816 777 1903 813; x_wconf 88' lang='lat' dir='ltr'><strong>se-</strong></span> 
     </span>
     <span class='ocr_line' id='line_1_10' title="bbox 297 827 1907 894; baseline 0.001 -13"><span class='ocrx_word' id='word_1_68' title='bbox 297 846 424 884; x_wconf 88' lang='lat' dir='ltr'><strong>men</strong></span> <span class='ocrx_word' id='word_1_69' title='bbox 447 830 738 882; x_wconf 83' lang='lat' dir='ltr'><strong>linozostis</strong></span> <span class='ocrx_word' id='word_1_70' title='bbox 762 829 1051 894; x_wconf 89' lang='lat' dir='ltr'><strong>utriusque</strong></span> <span class='ocrx_word' id='word_1_71' title='bbox 1072 827 1379 892; x_wconf 89' lang='lat' dir='ltr'><strong>inspersum</strong></span> <span class='ocrx_word' id='word_1_72' title='bbox 1405 828 1640 893; x_wconf 84' lang='lat' dir='ltr'><strong>potioni,</strong></span> <span class='ocrx_word' id='word_1_73' title='bbox 1665 830 1752 880; x_wconf 84' lang='lat' dir='ltr'><strong>vel</strong></span> <span class='ocrx_word' id='word_1_74' title='bbox 1779 845 1907 882; x_wconf 88' lang='lat' dir='ltr'><strong>cum</strong></span> 
     </span>
     <span class='ocr_line' id='line_1_11' title="bbox 301 894 1908 962; baseline -0.001 -10"><span class='ocrx_word' id='word_1_75' title='bbox 301 899 577 953; x_wconf 87' lang='lat' dir='ltr'><strong>absinthio</strong></span> <span class='ocrx_word' id='word_1_76' title='bbox 604 905 700 950; x_wconf 89' lang='lat' dir='ltr'><strong>aut</strong></span> <span class='ocrx_word' id='word_1_77' title='bbox 719 899 898 949; x_wconf 88' lang='lat' dir='ltr'><strong>cicere</strong></span> <span class='ocrx_word' id='word_1_78' title='bbox 919 897 1239 947; x_wconf 89' lang='lat' dir='ltr'><strong>decoctum:</strong></span> <span class='ocrx_word' id='word_1_79' title='bbox 1286 894 1515 962; x_wconf 76' lang='lat' dir='ltr'><strong>hyssopi</strong></span> <span class='ocrx_word' id='word_1_80' title='bbox 1542 897 1755 950; x_wconf 78' lang='lat' dir='ltr'><strong>baccae</strong></span> <span class='ocrx_word' id='word_1_81' title='bbox 1780 915 1908 951; x_wconf 87' lang='lat' dir='ltr'><strong>cum</strong></span> 
     </span>
     <span class='ocr_line' id='line_1_12' title="bbox 300 965 1904 1038; baseline -0.001 -16"><span class='ocrx_word' id='word_1_82' title='bbox 300 984 445 1038; x_wconf 84' lang='lat' dir='ltr'><strong>aqua</strong></span> <span class='ocrx_word' id='word_1_83' title='bbox 485 975 678 1035; x_wconf 82' lang='lat' dir='ltr'><strong>potae:</strong></span> <span class='ocrx_word' id='word_1_84' title='bbox 719 968 900 1019; x_wconf 87' lang='lat' dir='ltr'><strong>lichen</strong></span> <span class='ocrx_word' id='word_1_85' title='bbox 943 965 1129 1028; x_wconf 86' lang='lat' dir='ltr'><strong>herba,</strong></span> <span class='ocrx_word' id='word_1_86' title='bbox 1152 967 1219 1028; x_wconf 91' lang='lat' dir='ltr'><strong>si,</strong></span> <span class='ocrx_word' id='word_1_87' title='bbox 1244 980 1366 1016; x_wconf 88' lang='lat' dir='ltr'><strong>cum</strong></span> <span class='ocrx_word' id='word_1_88' title='bbox 1408 968 1666 1030; x_wconf 79' lang='lat' dir='ltr'><strong>sumitur,</strong></span> <span class='ocrx_word' id='word_1_89' title='bbox 1712 977 1904 1021; x_wconf 88' lang='lat' dir='ltr'><strong>cetero</strong></span> 
     </span>
    </p>
   </div>
   <div class='ocr_carea' id='block_1_4' title="bbox 203 1035 1908 1106">
    <p class='ocr_par' dir='ltr' id='par_1_4' title="bbox 203 1035 1908 1106">
     <span class='ocr_line' id='line_1_13' title="bbox 203 1035 1908 1106; baseline 0.001 -16"><span class='ocrx_word' id='word_1_90' title='bbox 203 1065 216 1078; x_wconf 91' lang='lat'><strong>·</strong></span> <span class='ocrx_word' id='word_1_91' title='bbox 301 1040 456 1092; x_wconf 87' lang='lat' dir='ltr'><strong>olere</strong></span> <span class='ocrx_word' id='word_1_92' title='bbox 478 1040 853 1092; x_wconf 80' lang='lat' dir='ltr'><strong>abstineatur:</strong></span> <span class='ocrx_word' id='word_1_93' title='bbox 888 1035 1177 1106; x_wconf 81' lang='lat' dir='ltr'><strong>polythrix</strong></span> <span class='ocrx_word' id='word_1_94' title='bbox 1196 1038 1253 1086; x_wconf 92' lang='lat' dir='ltr'><strong>in</strong></span> <span class='ocrx_word' id='word_1_95' title='bbox 1272 1037 1404 1087; x_wconf 76' lang='lat' dir='ltr'><strong>vino</strong></span> <span class='ocrx_word' id='word_1_96' title='bbox 1429 1035 1575 1098; x_wconf 83' lang='lat' dir='ltr'><strong>data,</strong></span> <span class='ocrx_word' id='word_1_97' title='bbox 1619 1038 1908 1092; x_wconf 80' lang='lat' dir='ltr'><strong>struthion</strong></span> 
     </span>
    </p>
   </div>
   <div class='ocr_carea' id='block_1_5' title="bbox 298 1109 1908 1730">
    <p class='ocr_par' dir='ltr' id='par_1_5' title="bbox 298 1109 568 1160">
     <span class='ocr_line' id='line_1_14' title="bbox 298 1109 568 1160; baseline 0.004 -1"><span class='ocrx_word' id='word_1_98' title='bbox 298 1110 354 1160; x_wconf 91' lang='lat' dir='ltr'><strong>in</strong></span> <span class='ocrx_word' id='word_1_99' title='bbox 377 1109 568 1160; x_wconf 88' lang='lat' dir='ltr'><strong>mulso.</strong></span> 
     </span>
    </p>

    <p class='ocr_par' dir='ltr' id='par_1_6' title="bbox 299 1176 1908 1730">
     <span class='ocr_line' id='line_1_15' title="bbox 369 1176 1908 1242; baseline 0.001 -14"><span class='ocrx_word' id='word_1_100' title='bbox 369 1176 646 1230; x_wconf 82' lang='lat' dir='ltr'><strong>Lxxvn.</strong></span> <span class='ocrx_word' id='word_1_101' title='bbox 686 1176 896 1228; x_wconf 80' lang='lat' dir='ltr'><strong>Passim</strong></span> <span class='ocrx_word' id='word_1_102' title='bbox 923 1181 980 1226; x_wconf 81' lang='lat' dir='ltr'><strong>et</strong></span> <span class='ocrx_word' id='word_1_103' title='bbox 1011 1191 1071 1225; x_wconf 77' lang='lat' dir='ltr'><strong>in</strong></span> <span class='ocrx_word' id='word_1_104' title='bbox 1107 1187 1427 1240; x_wconf 83' lang='lat' dir='ltr'><strong>quacunque</strong></span> <span class='ocrx_word' id='word_1_105' title='bbox 1460 1181 1621 1242; x_wconf 87' lang='lat' dir='ltr'><strong>parte</strong></span> <span class='ocrx_word' id='word_1_106' title='bbox 1652 1177 1908 1230; x_wconf 83' lang='lat' dir='ltr'><strong>maxima</strong></span> 
     </span>
     <span class='ocr_line' id='line_1_16' title="bbox 303 1243 1907 1311; baseline 0.001 -15"><span class='ocrx_word' id='word_1_107' title='bbox 303 1247 647 1298; x_wconf 71' lang='lat' dir='ltr'><strong>incommoda</strong></span> <span class='ocrx_word' id='word_1_108' title='bbox 667 1250 983 1306; x_wconf 89' lang='lat' dir='ltr'><strong>nascuntur,</strong></span> <span class='ocrx_word' id='word_1_109' title='bbox 1007 1246 1101 1311; x_wconf 89' lang='lat' dir='ltr'><strong>qui</strong></span> <span class='ocrx_word' id='word_1_110' title='bbox 1124 1243 1402 1294; x_wconf 87' lang='lat' dir='ltr'><strong>furunculi</strong></span> <span class='ocrx_word' id='word_1_111' title='bbox 1425 1249 1718 1309; x_wconf 83' lang='lat' dir='ltr'><strong>vocantur,</strong></span> <span class='ocrx_word' id='word_1_112' title='bbox 1756 1261 1907 1300; x_wconf 89' lang='lat' dir='ltr'><strong>mor-</strong></span> 
     </span>
     <span class='ocr_line' id='line_1_17' title="bbox 299 1313 1897 1382; baseline 0.001 -15"><span class='ocrx_word' id='word_1_113' title='bbox 299 1315 525 1367; x_wconf 85' lang='lat' dir='ltr'><strong>tiferum</strong></span> <span class='ocrx_word' id='word_1_114' title='bbox 549 1313 842 1382; x_wconf 88' lang='lat' dir='ltr'><strong>aliquando</strong></span> <span class='ocrx_word' id='word_1_115' title='bbox 865 1313 1069 1364; x_wconf 88' lang='lat' dir='ltr'><strong>malum</strong></span> <span class='ocrx_word' id='word_1_116' title='bbox 1096 1313 1367 1364; x_wconf 75' lang='lat' dir='ltr'><strong>confectis</strong></span> <span class='ocrx_word' id='word_1_117' title='bbox 1391 1315 1736 1382; x_wconf 84' lang='lat' dir='ltr'><strong>corporibus.</strong></span> <span class='ocrx_word' id='word_1_118' title='bbox 1798 1316 1897 1370; x_wconf 85' lang='lat' dir='ltr'><strong>Re-</strong></span> 
     </span>
     <span class='ocr_line' id='line_1_18' title="bbox 301 1381 1905 1450; baseline 0.002 -16"><span class='ocrx_word' id='word_1_119' title='bbox 301 1383 484 1434; x_wconf 89' lang='lat' dir='ltr'><strong>medio</strong></span> <span class='ocrx_word' id='word_1_120' title='bbox 525 1388 652 1434; x_wconf 84' lang='lat' dir='ltr'><strong>sunt</strong></span> <span class='ocrx_word' id='word_1_121' title='bbox 692 1383 1021 1450; x_wconf 83' lang='lat' dir='ltr'><strong>pycnocomi</strong></span> <span class='ocrx_word' id='word_1_122' title='bbox 1062 1381 1203 1433; x_wconf 78' lang='lat' dir='ltr'><strong>folia</strong></span> <span class='ocrx_word' id='word_1_123' title='bbox 1242 1385 1375 1433; x_wconf 85' lang='lat' dir='ltr'><strong>trita</strong></span> <span class='ocrx_word' id='word_1_124' title='bbox 1415 1399 1535 1434; x_wconf 90' lang='lat' dir='ltr'><strong>cum</strong></span> <span class='ocrx_word' id='word_1_125' title='bbox 1580 1385 1834 1450; x_wconf 77' lang='lat' dir='ltr'><strong>polenta,</strong></span> <span class='ocrx_word' id='word_1_126' title='bbox 1856 1387 1905 1437; x_wconf 86' lang='lat' dir='ltr'><strong>si</strong></span> 
     </span>
     <span class='ocr_line' id='line_1_19' title="bbox 303 1451 1906 1522; baseline 0.002 -19"><span class='ocrx_word' id='word_1_127' title='bbox 303 1453 539 1503; x_wconf 90' lang='lat' dir='ltr'><strong>nondum</strong></span> <span class='ocrx_word' id='word_1_128' title='bbox 565 1460 726 1519; x_wconf 86' lang='lat' dir='ltr'><strong>caput</strong></span> <span class='ocrx_word' id='word_1_129' title='bbox 745 1451 994 1502; x_wconf 83' lang='lat' dir='ltr'><strong>fecerint.</strong></span> <span class='ocrx_word' id='word_1_130' title='bbox 1072 1451 1402 1504; x_wconf 85' lang='lat' dir='ltr'><strong>Discutiunt</strong></span> <span class='ocrx_word' id='word_1_131' title='bbox 1430 1459 1485 1504; x_wconf 90' lang='lat' dir='ltr'><strong>et</strong></span> <span class='ocrx_word' id='word_1_132' title='bbox 1507 1453 1643 1504; x_wconf 76' lang='lat' dir='ltr'><strong>folia</strong></span> <span class='ocrx_word' id='word_1_133' title='bbox 1668 1454 1906 1522; x_wconf 87' lang='lat' dir='ltr'><strong>ephedri</strong></span> 
     </span>
     <span class='ocr_line' id='line_1_20' title="bbox 301 1521 1363 1577; baseline 0.001 0"><span class='ocrx_word' id='word_1_134' title='bbox 301 1521 467 1577; x_wconf 62' lang='lat' dir='ltr'><strong>sslita·</strong></span> <span class='ocrx_word' id='word_1_135' title='bbox 823 1554 832 1577; x_wconf 73' lang='lat' dir='ltr'><strong>l</strong></span> <span class='ocrx_word' id='word_1_136' title='bbox 1358 1526 1363 1533; x_wconf 30' lang='lat'>¹</span> 
     </span>
     <span class='ocr_line' id='line_1_21' title="bbox 373 1590 1905 1662; baseline 0.002 -18"><span class='ocrx_word' id='word_1_137' title='bbox 373 1592 677 1648; x_wconf 70' lang='lat' dir='ltr'><strong>Lxxvln.</strong></span> <span class='ocrx_word' id='word_1_138' title='bbox 711 1590 962 1644; x_wconf 83' lang='lat' dir='ltr'><strong>Fistulae</strong></span> <span class='ocrx_word' id='word_1_139' title='bbox 985 1606 1203 1659; x_wconf 89' lang='lat' dir='ltr'><strong>quoque</strong></span> <span class='ocrx_word' id='word_1_140' title='bbox 1220 1594 1275 1643; x_wconf 84' lang='lat' dir='ltr'><strong>in</strong></span> <span class='ocrx_word' id='word_1_141' title='bbox 1296 1592 1444 1643; x_wconf 91' lang='lat' dir='ltr'><strong>omni</strong></span> <span class='ocrx_word' id='word_1_142' title='bbox 1467 1599 1629 1660; x_wconf 87' lang='lat' dir='ltr'><strong>parte</strong></span> <span class='ocrx_word' id='word_1_143' title='bbox 1650 1602 1905 1662; x_wconf 85' lang='lat' dir='ltr'><strong>serpunt,</strong></span> 
     </span>
     <span class='ocr_line' id='line_1_22' title="bbox 304 1662 1904 1730; baseline 0.001 -15"><span class='ocrx_word' id='word_1_144' title='bbox 304 1662 642 1715; x_wconf 67' lang='lat' dir='ltr'><strong>medicorum</strong></span> <span class='ocrx_word' id='word_1_145' title='bbox 685 1663 823 1714; x_wconf 82' lang='lat' dir='ltr'><strong>vitio</strong></span> <span class='ocrx_word' id='word_1_146' title='bbox 866 1663 1008 1713; x_wconf 86' lang='lat' dir='ltr'><strong>male</strong></span> <span class='ocrx_word' id='word_1_147' title='bbox 1050 1662 1217 1713; x_wconf 84' lang='lat' dir='ltr'><strong>sectis</strong></span> <span class='ocrx_word' id='word_1_148' title='bbox 1262 1663 1604 1730; x_wconf 76' lang='lat' dir='ltr'><strong>corporibus,</strong></span> <span class='ocrx_word' id='word_1_149' title='bbox 1679 1667 1904 1719; x_wconf 81' lang='lat' dir='ltr'><strong>Auxilio</strong></span> 
     </span>
    </p>
   </div>
   <div class='ocr_carea' id='block_1_6' title="bbox 305 1730 2000 1799">
    <p class='ocr_par' dir='ltr' id='par_1_7' title="bbox 305 1730 2000 1799">
     <span class='ocr_line' id='line_1_23' title="bbox 305 1730 2000 1799; baseline 0.001 -12"><span class='ocrx_word' id='word_1_150' title='bbox 305 1741 392 1787; x_wconf 84' lang='lat' dir='ltr'><strong>est</strong></span> <span class='ocrx_word' id='word_1_151' title='bbox 424 1734 761 1785; x_wconf 83' lang='lat' dir='ltr'><strong>centaurium</strong></span> <span class='ocrx_word' id='word_1_152' title='bbox 799 1732 994 1793; x_wconf 89' lang='lat' dir='ltr'><strong>minus,</strong></span> <span class='ocrx_word' id='word_1_153' title='bbox 1036 1730 1285 1799; x_wconf 84' lang='lat' dir='ltr'><strong>collyriis</strong></span> <span class='ocrx_word' id='word_1_154' title='bbox 1310 1749 1433 1784; x_wconf 90' lang='lat' dir='ltr'><strong>cum</strong></span> <span class='ocrx_word' id='word_1_155' title='bbox 1466 1731 1635 1784; x_wconf 73' lang='lat' dir='ltr'><strong>melle</strong></span> <span class='ocrx_word' id='word_1_156' title='bbox 1666 1732 1905 1787; x_wconf 84' lang='lat' dir='ltr'><strong>decocto</strong></span> <span class='ocrx_word' id='word_1_157' title='bbox 1999 1760 2000 1769; x_wconf 48' lang='lat'>¹</span> 
     </span>
    </p>
   </div>
   <div class='ocr_carea' id='block_1_7' title="bbox 307 1800 1904 1871">
    <p class='ocr_par' dir='ltr' id='par_1_8' title="bbox 307 1800 1904 1871">
     <span class='ocr_line' id='line_1_24' title="bbox 307 1800 1904 1871; baseline -0.001 -14"><span class='ocrx_word' id='word_1_158' title='bbox 307 1802 537 1857; x_wconf 89' lang='lat' dir='ltr'><strong>additis:</strong></span> <span class='ocrx_word' id='word_1_159' title='bbox 579 1802 913 1871; x_wconf 85' lang='lat' dir='ltr'><strong>plantaginis</strong></span> <span class='ocrx_word' id='word_1_160' title='bbox 944 1816 1139 1852; x_wconf 85' lang='lat' dir='ltr'><strong>succus</strong></span> <span class='ocrx_word' id='word_1_161' title='bbox 1180 1800 1420 1852; x_wconf 82' lang='lat' dir='ltr'><strong>infusus:</strong></span> <span class='ocrx_word' id='word_1_162' title='bbox 1462 1803 1904 1871; x_wconf 87' lang='lat' dir='ltr'><strong>quinquefolium</strong></span> 
     </span>
    </p>
   </div>
   <div class='ocr_carea' id='block_1_8' title="bbox 306 1870 2000 2007">
    <p class='ocr_par' dir='ltr' id='par_1_9' title="bbox 306 1870 2000 2007">
     <span class='ocr_line' id='line_1_25' title="bbox 306 1870 2000 1943; baseline -0.002 -17"><span class='ocrx_word' id='word_1_163' title='bbox 306 1889 427 1926; x_wconf 85' lang='lat' dir='ltr'><strong>cum</strong></span> <span class='ocrx_word' id='word_1_164' title='bbox 453 1874 570 1926; x_wconf 90' lang='lat' dir='ltr'><strong>sale</strong></span> <span class='ocrx_word' id='word_1_165' title='bbox 595 1878 651 1925; x_wconf 91' lang='lat' dir='ltr'><strong>et</strong></span> <span class='ocrx_word' id='word_1_166' title='bbox 683 1874 880 1924; x_wconf 84' lang='lat' dir='ltr'><strong>melle:</strong></span> <span class='ocrx_word' id='word_1_167' title='bbox 916 1870 1175 1923; x_wconf 89' lang='lat' dir='ltr'><strong>ladanum</strong></span> <span class='ocrx_word' id='word_1_168' title='bbox 1210 1885 1331 1921; x_wconf 86' lang='lat' dir='ltr'><strong>cum</strong></span> <span class='ocrx_word' id='word_1_169' title='bbox 1363 1878 1645 1923; x_wconf 82' lang='lat' dir='ltr'><strong>castoreo:</strong></span> <span class='ocrx_word' id='word_1_170' title='bbox 1690 1875 1903 1943; x_wconf 87' lang='lat' dir='ltr'><strong>cotyle-</strong></span> <span class='ocrx_word' id='word_1_171' title='bbox 1999 1912 2000 1927; x_wconf 23' lang='grc' dir='ltr'>ἢ</span> 
     </span>
     <span class='ocr_line' id='line_1_26' title="bbox 307 1938 2000 2007; baseline 0.001 -13"><span class='ocrx_word' id='word_1_172' title='bbox 307 1944 417 1995; x_wconf 79' lang='lat' dir='ltr'><strong>tlon</strong></span> <span class='ocrx_word' id='word_1_173' title='bbox 441 1960 560 1995; x_wconf 88' lang='lat' dir='ltr'><strong>cum</strong></span> <span class='ocrx_word' id='word_1_174' title='bbox 585 1942 827 1994; x_wconf 87' lang='lat' dir='ltr'><strong>medulla</strong></span> <span class='ocrx_word' id='word_1_175' title='bbox 848 1942 1069 1992; x_wconf 77' lang='lat' dir='ltr'><strong>cervina</strong></span> <span class='ocrx_word' id='word_1_176' title='bbox 1093 1938 1366 1991; x_wconf 79' lang='lat' dir='ltr'><strong>calefacta</strong></span> <span class='ocrx_word' id='word_1_177' title='bbox 1400 1945 1455 1993; x_wconf 85' lang='lat' dir='ltr'><strong>et</strong></span> <span class='ocrx_word' id='word_1_178' title='bbox 1477 1942 1771 2007; x_wconf 86' lang='lat' dir='ltr'><strong>imposita:</strong></span> <span class='ocrx_word' id='word_1_179' title='bbox 1792 1960 1904 1997; x_wconf 77' lang='lat' dir='ltr'><strong>ver·</strong></span> <span class='ocrx_word' id='word_1_180' title='bbox 1999 1992 2000 1995; x_wconf 76' lang='grc'>,</span> 
     </span>
    </p>
   </div>
   <div class='ocr_carea' id='block_1_9' title="bbox 303 2009 1910 2773">
    <p class='ocr_par' dir='ltr' id='par_1_10' title="bbox 303 2009 1905 2205">
     <span class='ocr_line' id='line_1_27' title="bbox 303 2009 1905 2076; baseline 0.001 -12"><span class='ocrx_word' id='word_1_181' title='bbox 303 2014 455 2065; x_wconf 86' lang='lat' dir='ltr'><strong>basci</strong></span> <span class='ocrx_word' id='word_1_182' title='bbox 477 2013 682 2063; x_wconf 86' lang='lat' dir='ltr'><strong>radicis</strong></span> <span class='ocrx_word' id='word_1_183' title='bbox 720 2010 965 2062; x_wconf 84' lang='lat' dir='ltr'><strong>medulla</strong></span> <span class='ocrx_word' id='word_1_184' title='bbox 1001 2009 1221 2076; x_wconf 86' lang='lat' dir='ltr'><strong>collyrii</strong></span> <span class='ocrx_word' id='word_1_185' title='bbox 1256 2012 1529 2061; x_wconf 88' lang='lat' dir='ltr'><strong>tenuitate</strong></span> <span class='ocrx_word' id='word_1_186' title='bbox 1564 2012 1618 2061; x_wconf 90' lang='lat' dir='ltr'><strong>in</strong></span> <span class='ocrx_word' id='word_1_187' title='bbox 1654 2014 1905 2067; x_wconf 78' lang='lat' dir='ltr'><strong>fistulam</strong></span> 
     </span>
     <span class='ocr_line' id='line_1_28' title="bbox 307 2076 1905 2153; baseline 0 -18"><span class='ocrx_word' id='word_1_188' title='bbox 307 2076 564 2135; x_wconf 70' lang='lat' dir='ltr'><strong>additurz&#39;</strong></span> <span class='ocrx_word' id='word_1_189' title='bbox 600 2081 689 2133; x_wconf 83' lang='lat' dir='ltr'><strong>vel</strong></span> <span class='ocrx_word' id='word_1_190' title='bbox 724 2076 1120 2132; x_wconf 85' lang='lat' dir='ltr'><strong>aristolochiae</strong></span> <span class='ocrx_word' id='word_1_191' title='bbox 1154 2079 1336 2143; x_wconf 83' lang='lat' dir='ltr'><strong>radix,</strong></span> <span class='ocrx_word' id='word_1_192' title='bbox 1380 2079 1468 2131; x_wconf 85' lang='lat' dir='ltr'><strong>vel</strong></span> <span class='ocrx_word' id='word_1_193' title='bbox 1506 2096 1708 2133; x_wconf 88' lang='lat' dir='ltr'><strong>succus</strong></span> <span class='ocrx_word' id='word_1_194' title='bbox 1740 2082 1905 2153; x_wconf 84' lang='lat' dir='ltr'><strong>tithy-</strong></span> 
     </span>
     <span class='ocr_line' id='line_1_29' title="bbox 306 2152 458 2205; baseline -0.007 0"><span class='ocrx_word' id='word_1_195' title='bbox 306 2152 458 2205; x_wconf 87' lang='lat' dir='ltr'><strong>mali.</strong></span> 
     </span>
    </p>

    <p class='ocr_par' dir='ltr' id='par_1_11' title="bbox 307 2216 1910 2773">
     <span class='ocr_line' id='line_1_30' title="bbox 375 2216 1906 2285; baseline -0.001 -11"><span class='ocrx_word' id='word_1_196' title='bbox 375 2221 630 2274; x_wconf 84' lang='lat' dir='ltr'><strong>LXXIX.</strong></span> <span class='ocrx_word' id='word_1_197' title='bbox 677 2217 1047 2270; x_wconf 86' lang='lat' dir='ltr'><strong>Collectiones</strong></span> <span class='ocrx_word' id='word_1_198' title='bbox 1086 2216 1667 2285; x_wconf 87' lang='lat' dir='ltr'><strong>inflammationesque</strong></span> <span class='ocrx_word' id='word_1_199' title='bbox 1708 2228 1906 2273; x_wconf 83' lang='lat' dir='ltr'><strong>sanant</strong></span> 
     </span>
     <span class='ocr_line' id='line_1_31' title="bbox 309 2288 1905 2361; baseline -0.001 -18"><span class='ocrx_word' id='word_1_200' title='bbox 309 2290 664 2361; x_wconf 83' lang='lat' dir='ltr'><strong>argemoniae</strong></span> <span class='ocrx_word' id='word_1_201' title='bbox 703 2288 844 2339; x_wconf 80' lang='lat' dir='ltr'><strong>folia</strong></span> <span class='ocrx_word' id='word_1_202' title='bbox 879 2288 1044 2339; x_wconf 88' lang='lat' dir='ltr'><strong>illita.</strong></span> <span class='ocrx_word' id='word_1_203' title='bbox 1152 2288 1401 2340; x_wconf 90' lang='lat' dir='ltr'><strong>Duritias</strong></span> <span class='ocrx_word' id='word_1_204' title='bbox 1444 2294 1500 2339; x_wconf 85' lang='lat' dir='ltr'><strong>et</strong></span> <span class='ocrx_word' id='word_1_205' title='bbox 1546 2290 1905 2341; x_wconf 83' lang='lat' dir='ltr'><strong>collectiones</strong></span> 
     </span>
     <span class='ocr_line' id='line_1_32' title="bbox 309 2356 1905 2425; baseline -0.003 -12"><span class='ocrx_word' id='word_1_206' title='bbox 309 2377 500 2413; x_wconf 91' lang='lat' dir='ltr'><strong>omnes</strong></span> <span class='ocrx_word' id='word_1_207' title='bbox 539 2358 864 2419; x_wconf 77' lang='lat' dir='ltr'><strong>verbenaca,</strong></span> <span class='ocrx_word' id='word_1_208' title='bbox 904 2358 994 2409; x_wconf 79' lang='lat' dir='ltr'><strong>vel</strong></span> <span class='ocrx_word' id='word_1_209' title='bbox 1038 2356 1470 2425; x_wconf 87' lang='lat' dir='ltr'><strong>quinquefolium</strong></span> <span class='ocrx_word' id='word_1_210' title='bbox 1514 2357 1809 2411; x_wconf 87' lang='lat' dir='ltr'><strong>decoctum</strong></span> <span class='ocrx_word' id='word_1_211' title='bbox 1852 2362 1905 2411; x_wconf 89' lang='lat' dir='ltr'><strong>in</strong></span> 
     </span>
     <span class='ocr_line' id='line_1_33' title="bbox 310 2425 1904 2493; baseline -0.001 -11"><span class='ocrx_word' id='word_1_212' title='bbox 310 2437 496 2482; x_wconf 82' lang='lat' dir='ltr'><strong>aceto:</strong></span> <span class='ocrx_word' id='word_1_213' title='bbox 530 2425 784 2480; x_wconf 79' lang='lat' dir='ltr'><strong>verbasci</strong></span> <span class='ocrx_word' id='word_1_214' title='bbox 825 2426 966 2477; x_wconf 82' lang='lat' dir='ltr'><strong>folia</strong></span> <span class='ocrx_word' id='word_1_215' title='bbox 1002 2428 1095 2479; x_wconf 78' lang='lat' dir='ltr'><strong>vel</strong></span> <span class='ocrx_word' id='word_1_216' title='bbox 1134 2426 1313 2488; x_wconf 82' lang='lat' dir='ltr'><strong>radix,</strong></span> <span class='ocrx_word' id='word_1_217' title='bbox 1353 2426 1657 2493; x_wconf 86' lang='lat' dir='ltr'><strong>hyssopum</strong></span> <span class='ocrx_word' id='word_1_218' title='bbox 1709 2446 1739 2480; x_wconf 90' lang='lat' dir='ltr'><strong>e</strong></span> <span class='ocrx_word' id='word_1_219' title='bbox 1780 2428 1904 2481; x_wconf 80' lang='lat' dir='ltr'><strong>vino</strong></span> 
     </span>
     <span class='ocr_line' id='line_1_34' title="bbox 307 2494 1910 2563; baseline 0.001 -16"><span class='ocrx_word' id='word_1_220' title='bbox 307 2498 654 2563; x_wconf 89' lang='lat' dir='ltr'><strong>impositum:</strong></span> <span class='ocrx_word' id='word_1_221' title='bbox 693 2498 846 2547; x_wconf 89' lang='lat' dir='ltr'><strong>acori</strong></span> <span class='ocrx_word' id='word_1_222' title='bbox 865 2498 1044 2560; x_wconf 86' lang='lat' dir='ltr'><strong>radix,</strong></span> <span class='ocrx_word' id='word_1_223' title='bbox 1089 2496 1318 2547; x_wconf 90' lang='lat' dir='ltr'><strong>decocto</strong></span> <span class='ocrx_word' id='word_1_224' title='bbox 1342 2497 1461 2548; x_wconf 84' lang='lat' dir='ltr'><strong>eius</strong></span> <span class='ocrx_word' id='word_1_225' title='bbox 1486 2494 1695 2549; x_wconf 80' lang='lat' dir='ltr'><strong>herbae</strong></span> <span class='ocrx_word' id='word_1_226' title='bbox 1718 2497 1910 2551; x_wconf 81' lang='lat' dir='ltr'><strong>foven-</strong></span> 
     </span>
     <span class='ocr_line' id='line_1_35' title="bbox 308 2564 1907 2637; baseline 0.003 -22"><span class='ocrx_word' id='word_1_227' title='bbox 308 2566 481 2615; x_wconf 80' lang='lat' dir='ltr'><strong>tibus:</strong></span> <span class='ocrx_word' id='word_1_228' title='bbox 517 2568 755 2617; x_wconf 87' lang='lat' dir='ltr'><strong>aizoum.</strong></span> <span class='ocrx_word' id='word_1_229' title='bbox 828 2566 964 2619; x_wconf 86' lang='lat' dir='ltr'><strong>Itcm</strong></span> <span class='ocrx_word' id='word_1_230' title='bbox 987 2580 1127 2633; x_wconf 89' lang='lat' dir='ltr'><strong>quae</strong></span> <span class='ocrx_word' id='word_1_231' title='bbox 1150 2573 1380 2617; x_wconf 87' lang='lat' dir='ltr'><strong>contusa</strong></span> <span class='ocrx_word' id='word_1_232' title='bbox 1407 2566 1535 2627; x_wconf 88' lang='lat' dir='ltr'><strong>sint,</strong></span> <span class='ocrx_word' id='word_1_233' title='bbox 1558 2564 1907 2637; x_wconf 80' lang='lat' dir='ltr'><strong>duritiasque</strong></span> 
     </span>
     <span class='ocr_line' id='line_1_36' title="bbox 311 2634 1907 2705; baseline 0.003 -20"><span class='ocrx_word' id='word_1_234' title='bbox 311 2638 371 2685; x_wconf 88' lang='lat' dir='ltr'><strong>et</strong></span> <span class='ocrx_word' id='word_1_235' title='bbox 405 2635 554 2682; x_wconf 83' lang='lat' dir='ltr'><strong>sinus</strong></span> <span class='ocrx_word' id='word_1_236' title='bbox 595 2636 863 2701; x_wconf 83' lang='lat' dir='ltr'><strong>corporis,</strong></span> <span class='ocrx_word' id='word_1_237' title='bbox 883 2636 1161 2687; x_wconf 83' lang='lat' dir='ltr'><strong>illecebra.</strong></span> <span class='ocrx_word' id='word_1_238' title='bbox 1234 2635 1437 2686; x_wconf 85' lang='lat' dir='ltr'><strong>Omnia</strong></span> <span class='ocrx_word' id='word_1_239' title='bbox 1470 2634 1645 2686; x_wconf 78' lang='lat' dir='ltr'><strong>infixa</strong></span> <span class='ocrx_word' id='word_1_240' title='bbox 1687 2638 1907 2705; x_wconf 88' lang='lat' dir='ltr'><strong>corpori</strong></span> 
     </span>
     <span class='ocr_line' id='line_1_37' title="bbox 312 2696 1886 2773; baseline 0.003 -18"><span class='ocrx_word' id='word_1_241' title='bbox 312 2696 624 2766; x_wconf 76' lang='lat' dir='ltr'><strong>extrahunt,</strong></span> <span class='ocrx_word' id='word_1_242' title='bbox 645 2703 784 2755; x_wconf 77' lang='lat' dir='ltr'><strong>folia</strong></span> <span class='ocrx_word' id='word_1_243' title='bbox 807 2705 1169 2773; x_wconf 79' lang='lat' dir='ltr'><strong>tussilaginis,</strong></span> <span class='ocrx_word' id='word_1_244' title='bbox 1193 2704 1445 2769; x_wconf 86' lang='lat' dir='ltr'><strong>daucum,</strong></span> <span class='ocrx_word' id='word_1_245' title='bbox 1484 2718 1674 2757; x_wconf 77' lang='lat' dir='ltr'><strong>semen</strong></span> <span class='ocrx_word' id='word_1_246' title='bbox 1696 2706 1886 2759; x_wconf 86' lang='lat' dir='ltr'><strong>leonto</strong></span> 
     </span>
    </p>
   </div>
  </div>
 </body>
</html>
