2033 3044
278 185 349 240 as
646 183 705 233 c.
766 181 1072 260 1²1211x111¹
1113 181 1492 236 saeuum

279 285 545 353 aliudque
566 285 924 348 miraculum,
968 286 1276 339 exserentis
1308 300 1368 338 se
1403 292 1556 338 terra
1578 283 1648 336 ad
1673 287 1888 354 primas

278 357 621 422 serpentium
636 358 1009 417 vernationes,
1027 356 1268 424 bipedali
1291 353 1413 408 fere
1436 357 1751 417 altitudine,
1767 369 1890 406 rur-

281 441 487 493 susque
511 441 631 477 cum
657 425 853 478 iisdem
880 427 936 475 in
962 432 1170 476 terram
1191 424 1507 476 condentis:
1532 439 1634 476 nee
1656 427 1888 477 omnino

282 494 567 548 occultato
608 511 675 548 eo
718 501 949 562 apparet
988 509 1244 560 serpens:
1281 495 1371 545 vel
1414 493 1518 546 boc
1541 509 1640 560 per
1657 509 1720 546 se
1743 495 1890 547 satis

282 564 536 618 officioso
580 571 813 616 naturae
853 579 1101 625 munere,
1143 565 1190 614 si
1235 568 1893 632 tantum‘praemoneret,

280 643 610 703 tempusque
632 633 947 686 formidinis
971 632 1400 685 demonstraret.

351 705 468 758 Nec
506 703 808 755 bestiarum
853 702 1032 753 solum
1059 701 1130 753 ad
1171 703 1478 754 nocendum
1502 702 1719 754 scelera
1739 708 1892 766 sunt,

280 773 379 828 sed
398 775 621 825 interim
644 787 912 838 aquarum
934 786 1151 839 quoque
1174 787 1242 823 ac
1259 771 1528 824 locorum.
1577 771 1638 822 In
1659 771 1893 823 Germa·

282 847 377 896 nia
398 850 552 895 trans
582 841 827 895 Rhenum
864 843 1064 893 castris
1091 857 1125 893 a
1145 839 1474 894 Germanico
1497 843 1736 894 Caesare
1757 855 1888 909 pro·

282 913 469 976 motis,
505 911 787 964 maritimo
808 918 991 963 tractu
1016 911 1142 962 fons
1166 918 1287 962 erat
1310 926 1487 978 aquae
1511 909 1692 962 dulcis
1714 911 1892 974 solus,

282 998 395 1051 qua
416 988 551 1050 pota
572 983 721 1034 intra
741 982 1023 1034 biennium
1049 980 1242 1033 dentes
1274 979 1628 1042 deciderent,
1667 994 1894 1047 compa-

282 1067 489 1123 gesque
510 1052 565 1103 in
588 1052 823 1121 genibus
853 1052 1223 1104 solverentur.
1297 1051 1663 1104 Stomacacen
1686 1049 1892 1102 medici

282 1124 577 1185 vocabant,
600 1129 659 1174 et
681 1123 1055 1189 sceletyrben,
1079 1135 1148 1172 ea
1171 1118 1334 1171 mala.
1406 1121 1651 1188 Reperta
1673 1119 1890 1171 auxilio

284 1198 371 1243 est
390 1189 581 1251 herba,
604 1206 744 1257 quae
764 1197 997 1242 vocatur
1020 1189 1364 1252 Britannica,
1379 1203 1489 1241 non
1514 1189 1697 1240 nervis
1721 1189 1892 1241 modo

285 1265 344 1312 et
365 1259 477 1310 oris
502 1260 663 1311 malis
688 1259 969 1323 salutaris,
1014 1257 1112 1311 sed
1157 1263 1352 1310 contra
1389 1259 1626 1326 anginas
1648 1271 1892 1326 quoque,

284 1335 342 1382 et
364 1333 560 1380 contra
579 1337 887 1395 serpentes.
960 1327 1128 1380 Folia
1147 1326 1317 1380 habet
1336 1327 1578 1398 oblonga
1599 1329 1782 1398 nigra,
1803 1341 1890 1378 ra-

285 1397 461 1449 dicem
484 1400 718 1466 nigram.
776 1397 987 1450 Succus
1012 1398 1132 1449 eius
1156 1399 1486 1463 exprimitur
1507 1405 1563 1450 et
1588 1413 1656 1450 ex
1681 1397 1893 1449 radice.

284 1465 511 1520 Florem
552 1467 783 1520 vibones
820 1473 1057 1518 vocantz
1100 1468 1190 1535 qui
1222 1467 1488 1520 collectus
1511 1469 1686 1536 prius,
1727 1479 1892 1535 quam

284 1538 539 1590 tonitrua
559 1538 879 1600 audiantur,
922 1543 978 1589 et
1020 1536 1337 1601 devoratus,
1379 1552 1604 1591 securos
1626 1538 1685 1588 in
1707 1543 1894 1589 totum

284 1606 485 1660 reddit.
558 1606 746 1670 Frisii,
774 1621 885 1676 qua
906 1612 1093 1658 castra
1110 1614 1289 1670 erant,
1315 1610 1522 1659 nostris
1545 1608 1896 1659 demonstra-

286 1692 417 1730 vere
434 1674 619 1728 iiiamz
643 1678 923 1743 mirorque
946 1676 1185 1729 nominis
1203 1692 1456 1731 causam:
1481 1676 1587 1729 nisi
1600 1674 1751 1729 forte
1765 1692 1896 1729 con·-

286 1748 427 1800 fines
450 1746 675 1801 Oceano
698 1746 1044 1811 Britanniae,
1065 1750 1217 1800 velut
1239 1748 1600 1816 propinquae,
1613 1746 1897 1799 dicavere.

286 1818 415 1872 Non
442 1818 589 1869 enim
610 1816 741 1869 inde
764 1817 1102 1885 appellatam
1127 1831 1246 1871 eam
1266 1854 1282 1879 ,
1325 1820 1581 1886 quoniam
1617 1816 1696 1867 ibi
1725 1814 1898 1883 pluri·

289 1902 382 1940 ma
406 1896 755 1951 nasceretur,
794 1894 1005 1941 certum
1031 1892 1148 1951 est,
1193 1888 1497 1939 etiamnum
1521 1886 1816 1937 Britannia
1835 1884 1898 1937 ii·

288 1959 445 2011 bera.
1063 1990 1070 1997 -

360 2026 479 2078 vn.
516 2026 651 2079 Fuit
676 2024 897 2093 quidem
924 2030 983 2079 et
1002 2024 1093 2079 bic
1116 2026 1392 2094 quondam
1418 2026 1690 2086 ambitus,
1723 2023 1900 2075 nomi·

291 2094 456 2149 nibus
493 2099 609 2147 suis
649 2110 743 2148 eas
786 2094 1112 2164 adoptandi,
1157 2102 1220 2147 ut
1252 2097 1575 2149 doceblmus
1594 2093 1798 2147 fecisse
1819 2108 1901 2145 re-

294 2182 421 2237 ges:
450 2171 611 2219 tnnta
630 2180 720 2217 res
740 2166 1059 2231 videbatur,
1081 2165 1309 2219 herbam
1333 2166 1599 2228 invenire,
1621 2162 1799 2215 vitam
1819 2164 1900 2213 iu·

294 2250 446 2299 vare,
484 2251 627 2288 nune
649 2233 911 2287 fortassis
948 2236 1232 2305 aliquibus
1255 2251 1440 2287 curam
1464 2240 1714 2286 nostram
1735 2232 1898 2285 frivo·

296 2307 409 2358 lam
452 2320 669 2374 quoque
712 2306 1154 2357 existimaturis:
1217 2307 1361 2357 adeo
1411 2304 1629 2357 deliciis
1670 2302 1902 2354 sordent

299 2376 469 2427 etiam
512 2390 657 2444 quae,
696 2375 767 2426 ad
799 2378 1035 2428 salutem
1056 2375 1358 2442 pertinent.
1427 2378 1694 2427 Auctores
1715 2377 1902 2423 tamen

300 2458 531 2513 quarum
554 2444 929 2508 inveniuntur,
973 2446 1027 2496 in
1049 2444 1244 2512 primis
1268 2445 1554 2497 celebrare
1578 2452 1680 2511 par
1699 2448 1805 2505 est,
1827 2439 1903 2494 cf-

299 2514 451 2566 fectu
471 2529 659 2566 earum
694 2514 915 2582 digesto
937 2513 993 2566 in
1020 2530 1228 2583 genera
1249 2514 1590 2567 morborum.
1645 2512 1773 2573 Qua
1791 2512 1904 2577 qui-

299 2580 423 2633 dem
464 2581 519 2631 in
562 2588 917 2649 reputatione
938 2585 1195 2636 misereri
1235 2585 1405 2635 sortis
1446 2584 1716 2635 humanae
1739 2581 1902 2643 subit,

298 2656 521 2719 praeter
542 2649 781 2703 fortuita
805 2668 1090 2719 casusque,
1125 2660 1180 2704 et
1202 2668 1343 2720 quae
1367 2653 1592 2704 nomina
1609 2650 1787 2703 omnis
1811 2650 1887 2702 bo

296 2732 363 2771 ra
381 2720 681 2786 excogitat,
695 2722 763 2773 ad
785 2722 963 2774 millia
986 2722 1308 2775 morborum
1333 2722 1568 2793 singuiis
1585 2719 1898 2773 mortalium
