2033 3044
249 195 1460 255 NATtJ·R.HlsToR.LJB.xxv.1o4
1516 201 1629 254 107.
1702 196 1769 250 81

185 301 295 353 nio:
336 301 426 352 vel
467 299 720 352 radicum
763 301 1088 368 anagallidis
1117 302 1295 369 magis
1317 299 1566 367 feminae,
1576 315 1767 356 succo.

186 373 249 424 ab
272 371 454 423 altera
477 386 632 432 nare,
655 385 812 438 quam
837 370 1042 434 doleat,
1062 371 1265 432 infuso.

247 471 384 525 cvi.
421 467 470 522 1.
509 473 780 540 Erigeron
801 487 835 522 a
855 472 1062 530 nostris
1081 481 1314 527 vocatur
1330 473 1567 524 senecio.
1602 471 1769 529 Hanc

181 543 224 590 si
248 539 400 592 ferro
426 542 902 608 circumscriptam
939 539 1170 592 effodiat
1210 541 1433 610 aliquis,
1468 550 1562 592 tan
1604 550 1769 610 atque

181 625 242 661 ea
265 610 506 672 dentem,
531 617 588 661 et
609 609 834 662 alternis
856 619 944 664 ter
963 611 1297 679 despuat‚ac
1316 615 1545 683 reponat
1565 555 1621 661 fn
1644 627 1771 662 eun·

180 679 298 731 dem
321 680 524 740 locum,
539 682 692 749 itaut
707 683 858 738 vivat
879 679 1068 754 herba,
1088 683 1240 733 aiunt
1255 683 1473 733 dentem
1491 695 1611 731 eum
1625 692 1771 748 post·

179 763 242 799 ea
285 765 398 799 non
444 743 771 816 doliturum.
843 743 1037 802 Herba
1075 751 1163 802 cst
1190 745 1489 818 trixaginis
1510 751 1692 816 specie
1712 757 1769 802 et

181 817 442 882 mollitia,
480 818 772 870 cauliculis
804 807 1243 870 subrubicundis.
1317 819 1585 874 Nascitur
1615 823 1672 871 et
1710 820 1770 870 in

181 887 400 954 tegulis,
441 893 500 939 et
539 890 598 938 in
622 889 810 938 muris.
883 888 1095 940 Nomen
1120 887 1227 940 hoc
1248 889 1449 943 Graeci
1478 889 1769 951 dederunt,

181 959 310 1024 quia
329 973 466 1012 vere
491 959 758 1010 canescit.
829 957 1010 1026 Caput
1036 959 1155 1010 e‘ius
1189 957 1484 1013 numerosa
1506 953 1773 1011 dividitur

181 1027 463 1094 lanugine,
487 1027 694 1095 (qualis
715 1032 800 1080 est
819 1027 1035 1094 spinae)
1056 1027 1205 1078 inter
1226 1029 1499 1080 divisuras
1518 1038 1771 1080 exeunte.

182 1098 364 1160 Quare
390 1112 516 1147 eam
533 1095 904 1148 Callimachus
927 1095 1222 1149 acanthida
1244 1097 1504 1165 appellat,
1526 1097 1622 1151 alii
1646 1113 1772 1168 pap·

179 1179 323 1234 pum.
397 1165 524 1234 Nec
553 1165 754 1218 deinde
777 1165 1005 1239 Graecis
1041 1163 1107 1218 de
1131 1183 1199 1219 ea
1218 1174 1449 1220 constat.
1520 1163 1632 1226 Alii
1650 1165 1773 1221 eru·

182 1251 274 1287 cae
295 1233 456 1289 foliis
481 1251 606 1288 esse
629 1236 906 1298 dixerunt,
947 1235 1042 1288 a'lii
1061 1236 1301 1299 roboris,
1342 1235 1439 1292 sed
1462 1237 1771 1290 minoribus

181 1305 373 1379 multo.
447 1305 660 1358 Radice
685 1303 1158 1372 alii'supervacua,
1181 1307 1286 1360 alii‘
1299 1308 1480 1359 nervis
1497 1307 1643 1371 utili,
1677 1305 1772 1358 alii

183 1381 309 1448 potu
330 1373 739 1441 strangulante.
799 1373 858 1444 'E
894 1376 1113 1428 diverso
1149 1377 1373 1444 quidam
1398 1379 1553 1446 regio
1572 1379 1770 1434 morbo

181 1448 300 1496 'cum
339 1445 476 1496 vino
521 1444 812 1509 dederunt,
835 1451 910 1498 'et
929 1450 1125 1498 contr'a
1159 1447 1345 1502 omnia
1365 1449 1581 1506 vesicae
1602 1447 1771 1500 vitia:

183 1511 308 1567 item
332 1513 526 1567 cordis
549 1521 607 1566 et
629 1513 909 1574 iocineris.
969 1516 1207 1587 Renibus
1233 1515 1523 1571 extrahere
1546 1533 1769 1575 arenam

183 1584 387 1638 dixere.
465 1580 787 1637 lsehiadicis
825 1580 1140 1639 drachmam
1180 1603 1303 1639 cum
1348 1586 1656 1655 oxymelite
1700 1588 1771 1640 ab

182 1654 566 1707 ambulatione
583 1668 682 1721 pro
683 1657 972 1733 pinavere:
993 1654 1329 1719 torminibus
1346 1672 1561 1723 quoque
1574 1655 1633 1706 in
1648 1671 1770 1722 pas·

181 1740 240 1776 so
259 1722 650 1779 utilissimam:
673 1722 1019 1794 praecordiis
1042 1726 1208 1776 etiam
1232 1724 1355 1775 cibo
1376 1740 1443 1779 ex
1464 1733 1622 1775 aceto
1648 1728 1769 1775 ’eam

175 1796 596 1863 praedicantes,
641 1800 1002 1862 serentesque
1024 1790 1299 1849 in'hortis.
1372 1789 1486 1844 Nec
1530 1792 1773 1852 defuere,

177 1865 264 1931 qui
299 1872 360 1917 et
398 1864 642 1915 alterum
661 1861 838 1931 genus
861 1862 1127 1923 facerent,
1170 1877 1273 1914 nec
1293 1862 1452 1929 quale
1474 1869 1639 1921 esset,
1682 1858 1774 1919 de-

173 1940 580 1997 monstrarent,
620 1940 817 1984 contra
858 1940 1147 1999 serpentes
1188 1932 1246 1984 in
1290 1946 1433 2003 aqua
1462 1929 1776 1989 bibendam,

175 2001 565 2069 edendamque
595 2002 964 2055 comitialibus
995 2000 1205 2054 dantes.
1276 2000 1394 2055 Nos
1428 2016 1548 2053 eam
1581 1999 1776 2051 Roma-

171 2070 262 2125 nis
292 2072 702 2148 experimentis
724 2086 825 2139 per
845 2087 974 2139 usus
999 2071 1329 2141 digeremus.
1402 2070 1558 2133 Lanu
1600 2084 1632 2152 o
1654 2066 1775 2120 eius

175 2156 300 2192 cum
339 2146 524 2193 'croco
566 2147 625 2192 et
664 2142 865 2209 exiguo
905 2154 1083 2209 aquae
1113 2142 1352 2207 frigidae
1382 2142 1519 2195 trita
1541 2140 1558 2189 i
1582 2140 1778 2191 linitur

173 2211 464 2290 epiphoris
478 2228 494 2261 ι
534 2216 689 2263 tosta·
707 2225 826 2261 cum
847 2211 993 2264 mica
1012 2211 1166 2273 salis,
1188 2211 1432 2266 strumis.

243 2313 418 2371 GVH.
447 2313 512 2368 2.
545 2311 896 2379 Ephremeron
921 2314 1065 2367 folia
1083 2314 1252 2367 habet
1270 2315 1399 2375 lilii,
1427 2312 1521 2363 sed
1544 2314 1774 2373 minora,

179 2384 398 2440 caulem
443 2382 890 2449 parem,'florem
907 2385 1250 2453 caenuieum,
1285 2399 1476 2441 semen
1516 2394 1773 2449 superra-

181 2466 368 2515 cuum,
399 2452 654 2509 radicem
684 2467 848 2505 unam
869 2452 1090 2521 digitali
1110 2452 1494 2513 crassitudine,
1518 2451 1775 2505 dentibus

182 2524 564 2587 praecipuam,
587 2522 859 2577 concisam
881 2524 936 2575 in
959 2528 1145 2584 aceto,
1170 2522 1581 2589 decoctamque,
1612 2527 1672 2572 ut
1688 2531 1772 2571 te-

181 2592 310 2656 pido
339 2592 680 2646 colluantur.
750 2592 824 2643 Et
839 2592 966 2659 ipsa
987 2593 1153 2647 etiam
1175 2592 1335 2646 radix
1356 2592 1586 2645 mobiles
1608 2592 1773 2643 sistit.

183 2660 346 2715 Cavis
383 2666 445 2712 et
485 2660 670 2715 exesis
702 2661 1051 2726 imprimitur.
1126 2660 1483 2713 Chelidoniae
1520 2661 1683 2713 radix
1708 2671 1776 2709 ex

185 2736 347 2851 θβῗξο
372 2729 849 2851 πίψτοωιιὶῗσῧιιιι·
870 2746 984 2784 ore.
1042 2730 1235 2785 Erosis
1256 2738 1534 2852 vegatrum
1553 2733 1775 2795 nigrum

312 2814 348 2852 r.
365 2814 384 2849 1
401 2812 455 2851 κ.
557 2811 590 2846 o
605 2813 659 2850 n.
780 2834 794 2850 .
