2033 3044
222 90 525 144 NATUR.
548 90 891 145 Hls'rOR.
931 93 1090 144 LIR.
1111 92 1312 146 XXIV.
1338 90 1604 148 114-119.
1678 95 1746 150 41

160 209 261 246 non
280 193 393 246 alia
414 195 651 260 gratior,
692 195 807 246 sive
834 194 1055 256 viridis,
1098 196 1216 246 sive
1239 195 1295 248 in
1321 195 1491 248 foeno
1515 197 1748 264 siccata,

158 279 273 316 cum
314 263 482 314 detur
516 278 747 329 aspersa
785 279 945 329 aqua.
1020 263 1254 316 Succum
1289 281 1505 332 qnoque
1539 270 1656 319 eius
1688 267 1748 320 in

156 333 424 385 Parnasso
446 333 630 398 excipi
652 333 879 383 tradunt
902 343 1129 399 propter
1152 335 1474 385 ubertatem.
1550 337 1747 388 Dulcis

158 401 242 455 hic
260 409 364 454 est.
414 403 475 453 ln
494 403 671 454 vicem
694 404 813 454 eius
837 403 889 450 in
913 403 1125 468 reliqua
1151 409 1308 471 parte
1330 410 1602 454 terrarum
1624 421 1746 458 suc·

158 472 303 525 cedit
346 469 636 522 decoctum
676 471 744 520 ad
776 471 1002 522 vulnera
1023 472 1476 538 conglutinanda,
1520 475 1666 540 quod
1689 479 1747 528 et

155 542 275 608 ipsa
291 539 467 590 herba
488 546 613 590 tusa
636 546 910 606 praestat,
956 547 1248 608 tueturque
1268 541 1336 591 ab
1361 538 1748 596 inflammatio·

154 612 313 664 nibus
337 609 551 676 plagas.
622 609 871 662 Decocto
896 611 1157 662 adiicitur
1179 611 1367 661 vinum
1390 625 1457 662 ac
1491 611 1630 662 mel:
1675 608 1744 662 ab

154 679 429 746 aliquibus
471 685 529 730 et
561 678 757 740 thuris,
798 686 857 730 et
888 680 1109 746 piperis,
1149 677 1510 747 myrrhaeque
1548 680 1749 736 tertiae

153 749 453 816 portiones.
496 747 811 816 Rursusque
834 750 1090 816 coquitur
1111 749 1168 800 in
1183 764 1346 802 aereo
1369 765 1500 800 vase
1521 748 1591 800 ad
1614 748 1744 801 deu-

156 819 289 870 tium
323 815 547 868 dolores
584 823 643 868 et
672 817 983 884 epiphoras.
1059 819 1237 870 Radix
1265 817 1494 872 decocta
1523 817 1578 870 in
1613 817 1746 870 vino

154 887 485 940 torminibus
507 887 775 948 medetur,
812 892 868 938 et
890 889 1080 939 urinae
1102 887 1538 950 difficultatibus,
1560 886 1748 940 hulce-

152 959 407 1025 ribusque
450 955 682 1009 vesicae.
756 957 1013 1008 Calculos
1058 957 1281 1026 frangit.
1355 957 1554 1010 Semen
1587 955 1748 1008 vehe-

155 1026 391 1079 mentius
410 1025 626 1076 urinam
653 1026 908 1092 impellit.
980 1027 1173 1077 Alvum
1209 1027 1650 1092 vomitionesque
1669 1026 1745 1076 si-

153 1097 266 1148 stit.
298 1095 571 1147 Privatim
595 1101 781 1147 autem
805 1096 1104 1146 draconum
1127 1096 1400 1148 morsibus
1422 1096 1732 1148 auxiliatur

154 1164 289 1217 Sunt
312 1164 412 1231 qui
430 1165 689 1232 genicula
713 1165 1025 1225 novem,vel
1051 1165 1230 1228 unius,
1247 1163 1336 1218 vel
1357 1182 1388 1218 e
1413 1165 1623 1217 duabus
1650 1167 1727 1216 tri

154 1235 322 1287 busve
343 1231 553 1296 herbis,
591 1234 659 1285 ad
682 1233 827 1286 hunc
848 1233 1211 1286 articulorum
1236 1251 1519 1288 numerum
1542 1233 1750 1287 involvi

155 1305 279 1356 lana
300 1303 528 1355 succida
550 1304 707 1370 nigra
723 1303 967 1365 iubeant,
1012 1303 1082 1355 ad
1109 1303 1350 1356 remedia
1371 1311 1635 1369 strumae,
1653 1319 1750 1372 pa-

157 1387 432 1426 norumve.
510 1372 752 1424 ieiunum
781 1372 983 1424 debere
1008 1389 1130 1424 esse
1153 1374 1248 1439 qui
1269 1374 1534 1442 colligat:
1569 1375 1651 1425 ita
1666 1375 1752 1425 ire

157 1443 213 1494 in
234 1443 461 1494 domum
485 1440 730 1492 absentis
754 1441 841 1492 cui
874 1441 1190 1506 medeatur,
1232 1443 1752 1510 supervenientique

158 1520 241 1565 ter
259 1512 476 1572 dicere,
509 1511 701 1564 ieiuno
725 1511 966 1565 ieiunum
993 1511 1450 1565 medicamentum
1474 1511 1628 1574 dare,
1672 1518 1755 1565 at·

158 1598 257 1649 que
298 1582 383 1632 ita
419 1580 725 1647 adalligare
748 1618 767 1645 ,
820 1582 1116 1649 triduoque
1156 1580 1212 1631 id
1245 1582 1448 1635 facere.
1521 1582 1682 1647 Quod
1721 1596 1753 1637 e

158 1652 467 1719 graminum
513 1664 715 1715 genere
753 1657 969 1717 septem
1005 1651 1324 1703 internodia
1345 1652 1529 1713 habet,
1571 1650 1756 1704 effica-

160 1721 377 1772 cissime
400 1720 577 1786 capiti
598 1725 790 1771 contra
820 1720 1044 1771 dolores
1085 1718 1438 1787 adalligatur.
1512 1718 1754 1783 Quidam

160 1795 389 1857 propter
410 1788 633 1841 vesicae
658 1789 933 1841 cruciatus
958 1788 1248 1840 decoctum
1292 1802 1361 1845 ex
1381 1789 1508 1838 vino
1527 1802 1756 1855 gramen.

162 1858 226 1911 ad
247 1856 513 1911 dimidias
536 1873 569 1909 a
588 1858 826 1911 balineis
845 1857 963 1909 bibi
986 1857 1192 1909 iubent.

228 1928 421 1981 CXlX.
449 1927 591 1979 Sunt
610 1928 705 1995 qui
730 1934 787 1979 et
807 1927 1116 1979 aculeatum
1132 1940 1359 1993 gramen
1375 1930 1576 1977 vocent
1589 1923 1758 1975 trium

164 2012 419 2065 generum
440 2014 453 2046 e
498 2012 620 2047 cum
664 1998 719 2047 in
765 2000 1044 2048 cacumine
1086 1993 1262 2046 aculei
1304 1999 1431 2045 sunt
1461 1994 1758 2059 plurimum

166 2068 336 2133 quini,
378 2066 649 2133 dactylon
688 2066 1003 2133 appellant:
1051 2062 1152 2115 hos
1175 2064 1503 2117 convolutos
1535 2062 1760 2117 naribus

163 2136 435 2197 inserunt,
457 2132 863 2201 extrahuntque
884 2134 1170 2200 sanguinis
1192 2134 1374 2185 ciendi
1393 2133 1594 2201 gratia.
1666 2131 1758 2183 Al-

163 2211 301 2268 tero,
321 2204 475 2274 quod
503 2209 589 2256 est
610 2205 773 2255 aizoo
795 2204 999 2264 simile,
1025 2203 1094 2253 ad
1120 2200 1466 2270 paronychia
1490 2208 1547 2253 et
1570 2205 1758 2267 ptery-

165 2274 251 2340 gia
274 2278 565 2343 unguium,
589 2282 644 2324 et
664 2288 784 2325 cum
812 2287 937 2324 caro
960 2273 1235 2339 unguibus
1259 2272 1512 2332 increvit,
1531 2276 1763 2319 utuntur

166 2358 277 2394 cum
303 2343 577 2411 axungia:
600 2340 725 2393 ideo
749 2342 1013 2408 dactylon
1041 2341 1402 2407 appellantes,
1420 2340 1550 2405 quia
1570 2337 1758 2405 digitis

168 2414 471 2467 medeatur.
512 2413 767 2464 Tertium
790 2427 964 2479 genus
988 2411 1218 2477 dactyli,
1242 2409 1336 2461 sed
1361 2408 1563 2469 tenuis,
1584 2406 1761 2459 nasci·

168 2483 328 2535 turin
352 2481 673 2549 parietinis,
696 2489 791 2531 aut
816 2479 1042 2548 tegulis.
1118 2479 1259 2530 Huic
1292 2478 1540 2530 caustica
1559 2478 1639 2529 vis
1661 2480 1766 2531 est.

166 2549 326 2605 sistit
344 2551 585 2605 hulcera
609 2564 749 2618 quae
773 2555 1013 2615 serpunt.
1088 2547 1327 2600 Gramen
1349 2547 1523 2612 capiti
1537 2548 1766 2599 circum-

166 2619 373 2686 datum,
395 2619 684 2689 sanguinis
709 2636 739 2673 e
761 2618 984 2671 naribus
1008 2616 1274 2669 fluxiones
1295 2617 1459 2668 sistit.
1517 2615 1768 2670 camelos
