2033 3044
231 171 336 226 2³0
419 199 426 206 ·
607 171 669 222 C.
707 167 980 222 PLINH
1024 166 1393 221 SECUNDI

231 287 422 326 versus
465 273 804 338 serpentium
845 273 988 325 ictus
1028 269 1265 322 efficacia
1286 267 1582 335 habentur,
1624 271 1819 330 fimum

231 342 458 412 pecudis
481 357 674 393 recens
696 341 753 394 in
775 341 901 393 vino
936 340 1219 392 decoctum
1245 339 1557 406 illitumque
1580 360 1594 393 ε
1632 357 1824 396 mures

232 411 460 463 dissecti
483 419 539 464 et
562 411 828 478 impositi,
863 413 1091 477 quorum
1112 415 1313 460 natura
1331 423 1439 460 non
1462 415 1549 460 est
1566 424 1826 477 spernen-

235 480 323 543 da,
363 481 653 547 praecipue
677 483 728 530 in
754 495 980 542 ascensu
1002 479 1266 541 siderum,
1286 486 1349 529 ut
1370 479 1612 530 diximus
1636 497 1647 530 ε
1694 495 1818 533 cum

233 549 444 601 lumine
467 551 658 601 Lunae
678 549 938 600 fibrarum
976 561 1206 600 numero
1231 553 1510 607 crescente
1540 555 1708 615 atque
1734 552 1822 604 de-

235 625 536 671 crescente.
607 618 858 670 Tradunt
879 618 1053 684 Magi‚
1072 617 1320 678 ,iocinere
1340 618 1511 668 muris
1534 617 1667 669 dato
1692 633 1821 686 por-

236 689 318 740 cis
339 689 391 739 in
415 688 536 750 lien,
557 687 713 754 sequi
735 687 953 738 dantem
975 687 1036 737 id
1056 684 1287 736 animal:
1350 685 1410 736 In·
1430 685 1657 739 liomine
1683 701 1818 756 quo·

237 771 346 825 que
368 757 622 808 similiter
644 755 846 820 valere,
868 756 962 807 sed
985 754 1195 806 resolvi
1216 754 1419 821 cyatho
1442 756 1556 808 olei
1577 763 1735 824 poto.

306 825 452 877 XVl.
490 827 542 877 2.
577 825 940 878 Mustelarum
982 824 1091 875 duo
1126 837 1353 892 genera:
1394 823 1637 876 alterum
1661 827 1824 878 silve·

236 900 370 958 stre,
411 895 622 946 distans
659 893 1057 963 magnitudine.
1130 893 1330 944 Graeci
1371 900 1571 946 vocant
1608 895 1825 948 ictidas.

233 965 453 1016 Harum
485 965 563 1017 fel
585 971 778 1016 contra
801 964 1020 1031 aspides
1046 962 1251 1024 dicitur
1272 963 1485 1026 efficax,
1508 971 1698 1016 cetero
1723 981 1818 1017 ve·

235 1049 456 1086 aenum.
526 1036 680 1086 Haec
711 1040 892 1084 autem
915 1045 1051 1100 quae
1073 1032 1127 1082 in
1149 1030 1401 1082 domibus
1426 1035 1641 1084 nostris
1662 1035 1823 1086 ober-

239 1108 327 1154 rat
342 1139 358 1164 ,
397 1108 457 1154 et
495 1104 710 1155 catulos
747 1118 874 1154 suos
897 1107 981 1166 (ut
1005 1107 1202 1152 auctor
1223 1105 1307 1151 est
1328 1099 1550 1166 Cicero)
1575 1103 1827 1169 quotidie

235 1171 521 1232 transfert,
561 1178 845 1239 mutatque
883 1171 1088 1231 sedem,
1129 1177 1411 1237 serpentes
1451 1173 1614 1237 'perse
1653 1173 1827 1224 uitur.

239 1241 326 1290 Ex
349 1254 415 1290 ea
454 1241 760 1292 inveterata
797 1241 914 1293 sale
936 1239 1147 1291 denarii
1166 1237 1377 1306 pondus
1400 1241 1457 1290 in
1490 1247 1624 1306 cyat
1664 1241 1712 1292 is
1733 1241 1826 1292 tri·

236 1309 340 1362 bus
364 1307 528 1358 datur
546 1309 853 1374 percussis:
896 1314 994 1360 aut
1032 1303 1369 1361 ventriculus
1393 1309 1693 1362 coriandro
1714 1309 1825 1363 far-

239 1383 328 1426 tus
347 1377 794 1443 inveteratusque
817 1378 950 1429 etin
971 1379 1103 1430 vino
1125 1383 1306 1445 potus.
1374 1379 1450 1429 Et
1470 1380 1687 1431 catulus
1712 1393 1829 1432 mu·

239 1444 413 1497 stelae
435 1448 600 1496 etiam
625 1446 920 1500 efficacius.

308 1514 479 1568 xvn.
515 1515 566 1569 3.
603 1517 884 1583 Quaedam
906 1514 1165 1585 pudenda
1186 1515 1336 1569 dictu
1356 1520 1517 1567 tanta
1539 1520 1831 1570 auctorum

241 1586 654 1639 asseveratione
678 1587 1161 1651 commendantur,
1200 1592 1264 1637 ut
1281 1590 1589 1653 praeterire
1610 1585 1697 1639 fas
1720 1602 1833 1640 non

243 1655 332 1707 sit.
405 1654 682 1721 Siquidem
722 1657 825 1708 illa
849 1655 1143 1708 concordia
1164 1668 1365 1717 rerum,
1404 1661 1503 1706 aut
1522 1670 1837 1725 repugnan-

239 1726 322 1776 tia
361 1724 664 1779 medicinae
706 1728 1027 1796 gignuntur=
1070 1724 1238 1776 veluti
1276 1726 1533 1776 cimicum
1576 1727 1839 1779 animalis

238 1794 590 1859 foedissimi,
616 1805 675 1847 et
693 1797 841 1849 dictu
867 1809 1083 1864 quoque
1104 1792 1423 1845 fastidiendi
1447 1800 1667 1857 natura,
1712 1812 1840 1847 con-

242 1870 335 1916 tra
353 1868 686 1930 serpentium
711 1880 941 1929 morsus,
977 1871 1034 1917 et
1055 1863 1345 1933 praecipue
1366 1862 1621 1929 aspidum
1646 1865 1839 1917 valere

243 1932 462 1985 dicitur.
498 1930 634 1986 Ite‘m
656 1941 847 1987 contra
864 1948 1075 1987 venena
1092 1933 1294 1985 omnia:
1314 1940 1665 1999 argumento,
1688 1934 1839 2000 quod

245 2003 432 2055 dicant
469 2004 721 2071 gallinas,
762 2019 868 2070 quo
903 2004 992 2055 die
1015 2001 1072 2054 id
1096 2001 1327 2063 ederint,
1364 2014 1475 2051 non
1501 2004 1745 2055 interfici
1766 2005 1837 2055 ab

247 2073 463 2139 aspide:
508 2088 807 2141 carnesque
851 2087 1039 2126 earum
1083 2071 1357 2137 percussis
1390 2070 1692 2136 plurimum
1714 2088 1839 2139 pro-

245 2141 419 2195 desse.
493 2143 576 2195 Ex
623 2142 705 2195 his
729 2158 867 2210 quae
888 2141 1130 2201 tradunt,
1152 2140 1609 2192 humanissimum
1636 2152 1740 2205 est,
1772 2142 1840 2192 il-

245 2211 412 2263 linire
436 2211 706 2264 morsibus
730 2228 850 2264 cum
875 2210 1145 2279 sanguine
1166 2210 1497 2263 testudinis=
1534 2210 1667 2261 item
1692 2214 1843 2263 sufli-

249 2286 310 2333 tu
332 2296 522 2334 eorum
544 2283 766 2349 abigere
789 2282 1150 2349 sanguisugas
1172 2278 1559 2341 adhaerentes,
1582 2277 1845 2331 haustas-

249 2364 356 2417 que
375 2352 443 2403 ab
467 2351 798 2403 animalibus
822 2351 1166 2415 restinguere
1191 2350 1243 2397 in
1266 2353 1400 2413 potu
1426 2347 1609 2399 datos.
1658 2350 1845 2413 Quan-

251 2434 410 2487 quam
434 2427 492 2471 et
511 2420 702 2471 oculos
741 2420 963 2486 quidam
992 2420 1066 2469 iis
1098 2418 1369 2485 inungunt
1399 2416 1553 2467 tritis
1574 2420 1847 2481 cumsale

252 2494 310 2541 et
333 2489 479 2540 lacte
500 2488 789 2540 mulierum
815 2506 827 2538 ε
864 2503 1149 2555 auresque,
1178 2502 1298 2537 cum
1332 2484 1499 2537 melle
1517 2492 1577 2539 et
1606 2502 1847 2541 rosaceo

253 2556 534 2608 admixtis.
589 2560 701 2611 Eos
723 2559 817 2624 qui
837 2554 1083 2625 agrestes
1102 2556 1230 2618 sint,
1253 2561 1310 2609 et
1324 2555 1388 2607 in
1406 2557 1591 2607 malva
1614 2570 1851 2609 nascan-

255 2631 362 2684 tur,
401 2632 693 2687 crematos,
732 2628 910 2677 cinere
950 2626 1224 2691 permixto
1268 2639 1497 2677 rosaceo
1540 2624 1855 2679 infundunt

255 2690 495 2741 auribus.
568 2692 766 2744 Cetera
804 2708 942 2761 quae
981 2694 1049 2745 de
1082 2693 1166 2745 his
1188 2695 1432 2759 tradunt,
1468 2696 1742 2760 vomicae,
1786 2704 1853 2750 et

1995 2822 2001 2995 1
