2033 3044
346 152 444 205 108
532 124 540 133 “
708 151 769 203 c.
834 150 1118 204 PL1N11
1187 148 1557 203 sscumn

342 255 577 319 fiuntur,
614 255 861 307 dicemus
882 254 951 306 de
970 252 1074 316 his,
1112 268 1250 321 quae
1269 253 1404 305 totis
1425 256 1760 319 corporibus
1781 270 1934 323 gras·

342 330 553 376 santur.
624 324 891 377 Remedia
935 330 1120 383 autem
1163 322 1298 373 haec
1337 326 1650 375 communia
1686 327 1936 376 invenio.

343 395 487 446 Ante
518 408 709 447 omnes
748 392 1046 460 potandam
1081 391 1498 453 dodecatheum,
1543 392 1612 444 de
1645 408 1757 460 qua
1795 393 1938 445 dixi-

348 478 502 515 mus:
544 463 740 515 deinde
764 462 984 529 panacis
1008 462 1246 513 omnium
1270 476 1528 527 generum
1553 462 1780 515 radices
1801 498 1819 525 ,
1861 478 1942 528 pe-

350 532 637 585 culiariter
656 528 971 601 longinquis
993 531 1218 593 morbis,
1243 538 1298 582 et
1321 546 1506 583 semen
1525 532 1944 583 interaneorum

348 602 521 653 vitiis.
593 601 673 653 Ad
704 616 893 651 omnes
934 614 1066 650 vero
1108 600 1356 666 corporis
1389 599 1616 651 dolores
1651 616 1884 653 succum
1919 614 1946 649 e

350 671 593 725 scornio:
632 673 765 721 item
789 670 1119 722 Vettonicae
1135 704 1150 731 ,
1191 684 1328 735 quae
1351 678 1482 736 pota
1497 669 1746 721 colorem
1773 670 1944 737 plum-

350 745 515 793 beum
538 740 783 807 corporis
802 739 1064 807 privatim
1090 738 1374 801 emendat,
1417 738 1844 807 gratioremque
1863 753 1942 789 re·

353 811 523 863 ducit.

419 878 663 932 LXVIII.
686 874 735 930 1.
758 877 1041 929 Geranion
1063 875 1234 944 aliqui
1255 876 1521 943 myrrhin‚
1545 877 1644 927 alii
1667 876 1946 943 mes-thry-

352 949 424 1000 da
438 948 733 1016 appellant.
808 946 1020 999 Similis
1057 954 1140 997 est
1169 948 1400 1007 cicutae,
1438 944 1594 997 foliis
1631 946 1946 997 minutiori-

354 1020 475 1082 bus,
498 1026 554 1072 et
579 1017 735 1070 caule
756 1017 993 1078 brevior,
1035 1015 1288 1076 rotunda,
1329 1016 1542 1081 saporis
1570 1022 1628 1067 et
1649 1017 1848 1067 odoris
1867 1016 1940 1065 iu-

354 1088 535 1141 cundi.
602 1087 792 1139 Nostri
818 1086 901 1137 sic
930 1102 1052 1138 eam
1087 1084 1330 1137 tradunt.
1403 1083 1606 1137 Graeci
1635 1085 1798 1136 foliis
1821 1100 1940 1136 can·

354 1157 660 1208 ‹lidioribus
695 1156 862 1223 paulo
908 1171 1072 1223 quam
1105 1154 1335 1216 malvae,
1383 1155 1634 1207 caulibus
1669 1156 1946 1214 tenuibus,

350 1224 567 1293 pilosis,
610 1240 888 1276 ramosam
927 1240 997 1277 ex
1026 1224 1348 1287 intervallis,
1383 1224 1568 1275 binum
1605 1224 1940 1290 palmorum:

354 1298 411 1346 et
431 1296 485 1344 in
508 1291 615 1353 his,
656 1292 823 1353 foliis,
863 1295 1011 1344 inter
1041 1309 1179 1360 quae
1210 1295 1264 1343 in
1299 1294 1676 1345 cacuminibus
1699 1292 1946 1361 capitula

352 1364 465 1413 sint
488 1375 699 1427 gruum.
775 1361 1022 1413 Alterum
1058 1378 1229 1429 genus
1260 1362 1412 1414 foliis
1445 1378 1764 1425 anemonas,
1819 1362 1946 1415 divi-

352 1434 500 1483 suris
520 1429 883 1497 longioribus,
924 1431 1112 1482 radice
1130 1432 1262 1483 mali
1291 1431 1454 1483 modo
1476 1432 1732 1494 rotunda,
1783 1430 1940 1488 dulci,

351 1499 727 1552 reficientibus
758 1516 819 1552 se
848 1501 918 1552 ab
953 1500 1340 1554 imbecillitate
1372 1502 1697 1553 utilissima:
1739 1510 1802 1554 et
1833 1500 1942 1552 fere

352 1569 484 1622 talis
513 1585 643 1622 vera
679 1577 781 1622 est.
854 1571 1074 1622 Bibitur
1105 1577 1296 1624 contra
1334 1570 1576 1637 phthisin
1601 1571 1874 1623 drachma
1897 1569 1945 1618 in

352 1640 469 1690 vini
490 1640 710 1707 cyathis
732 1640 910 1692 tribus
932 1641 1020 1692 bis
1043 1641 1147 1692 die.
1220 1643 1356 1693 ltem
1383 1648 1578 1692 contra
1601 1641 1940 1692 inflationes:

356 1717 411 1764 et
436 1709 606 1761 cruda
625 1711 767 1762 idem
789 1716 1057 1776 praestat.
1129 1709 1334 1762 Succus
1355 1710 1560 1762 radicis
1581 1711 1818 1763 auribus
1839 1723 1940 1760 rne-

356 1779 536 1833 detur.
612 1779 1053 1847 opisthotonicis
1063 1794 1248 1832 semen
1267 1777 1540 1832 drachmis
1561 1787 1808 1847 quatuor
1829 1793 1938 1830 cuni

356 1853 545 1918 pipere
566 1855 623 1902 et
644 1849 868 1916 myrrha
892 1854 1101 1915 potum.
1129 1845 1134 1850 ’
1171 1847 1423 1900 phthisin
1459 1857 1622 1900 sanat
1653 1857 1712 1903 et
1733 1851 1937 1916 planta-

354 1918 500 1988 ginis
538 1936 751 1981 succus,
796 1920 843 1971 si
872 1919 1110 1982 bibatur,
1153 1923 1209 1971 et
1249 1918 1370 1985 ipsa
1408 1918 1658 1972 decocta.
1732 1923 1796 1972 ln
1829 1918 1938 1970 cibo

357 2004 480 2041 cum
512 1989 629 2040 sale
660 1996 717 2040 et
748 1989 892 2049 oleo,
936 1995 993 2040 et
1019 2004 1052 2039 a
1081 2004 1276 2040 somno
1299 1990 1587 2050 matutino,
1629 1989 1939 2058 refrigerat.

354 2058 563 2110 Eadem
587 2059 752 2110 datur
771 2055 875 2118 his,
898 2072 1038 2124 quos
1059 2057 1324 2126 atrophos
1349 2064 1569 2120 vocant,
1603 2056 1941 2126 interpositis

358 2127 567 2180 diebus.
638 2127 934 2180 Vettonica
970 2141 1102 2178 vero
1145 2127 1455 2194 phthisicis,
1493 2127 1796 2194 ecligmate
1833 2138 1942 2178 cum

360 2197 542 2259 melle,
588 2195 751 2246 fabae
783 2196 1183 2262 magnitudinez
1217 2199 1497 2264 agaricum
1519 2204 1716 2264 potum
1741 2199 1940 2250 duobus

360 2267 541 2319 obolis
563 2266 617 2316 in
643 2279 823 2332 passo,
846 2266 931 2315 vel
954 2264 1184 2330 dancon,
1209 2283 1328 2318 cum
1353 2267 1636 2318 centaurio
1659 2265 1874 2320 maiore
1892 2265 1943 2315 in

358 2337 504 2388 vino.
576 2333 957 2402 phagedaenis
973 2337 1144 2400 (quod
1167 2351 1368 2388 nomen
1387 2340 1506 2388 sine
1527 2337 1694 2388 modo
1720 2338 1944 2390 esurien-

360 2406 496 2457 tium
522 2410 621 2466 est‚
646 2411 702 2456 et
722 2404 861 2456 alias
884 2401 1186 2468 hulcerum)
1216 2404 1498 2474 tithymali
1513 2405 1811 2460 medentur
1831 2416 1939 2458 cum

362 2476 592 2526 sesamis
615 2476 800 2525 sumti.
1361 2487 1368 2494 ·

436 2542 634 2593 LXIX.
668 2543 720 2593 2.
776 2542 930 2596 Inter
968 2543 1118 2594 mala
1155 2544 1401 2595 universi
1439 2546 1694 2612 corporis
1731 2544 1940 2612 vigiliae

362 2616 491 2659 sunt
512 2611 804 2676 plerisque.
877 2612 1090 2662 Harum
1131 2614 1379 2664 remedio
1417 2620 1764 2666 monstratur
1785 2626 1936 2680 pana·

364 2689 475 2738 ces,
494 2676 793 2742 clymenus,
812 2681 1188 2746 aristolochia,
1209 2686 1266 2734 et
1287 2682 1476 2747 odore,
1497 2689 1554 2735 et
1573 2691 1844 2750 peruncto
1857 2695 1938 2734 ,ca-
