2033 3044
298 172 601 230 NATUR.
639 172 860 227 HlS‘r.
911 173 1075 226 hm.
1114 170 1376 229 XXXIV.
1407 174 1605 231 53-56.
1673 174 1788 231 429

190 292 301 346 tus,
340 281 493 333 sicut
525 292 755 345 spumae
788 280 1030 347 argenti.
1102 278 1307 331 Postea
1335 294 1562 333 cerussa
1589 280 1711 349 ipsa
1738 282 1792 335 si

175 357 489 421 coquatur,
524 349 773 402 rufescit.

260 420 383 474 LV.
420 418 813 473 Sandarachae
844 432 1062 486 quoque
1093 416 1492 485 propemodum
1523 418 1676 471 dicta
1697 434 1796 472 na-

186 505 323 545 tura
346 500 451 543 est.
523 490 808 541 lnvenitur
846 495 1048 557 autem„
1071 493 1130 539 et
1169 490 1226 540 in
1257 488 1495 539 aurariis
1526 495 1584 542 et
1617 488 1676 541 in
1710 504 1794 541 ar·

188 560 461 631 guntin-iis
492 558 763 613 metallis:
810 558 1009 611 melior
1046 572 1156 625 quo
1190 560 1368 626 magis
1399 558 1540 621 rufa,
1581 574 1797 627 quoque

190 632 375 699 magis
398 630 553 681 virus
591 628 866 691 redolens,
906 644 973 679 ac
1004 643 1160 695 pura,
1201 628 1564 696 friabilisque.
1635 628 1800 682 Valet

189 714 454 771 purgare,
496 698 717 761 sistere,
754 698 1119 763 excalfacere,
1161 699 1478 766 pei-rodere.
1573 697 1801 751 Summa

192 774 319 825 eius
342 770 445 821 dos
478 769 709 835 septica.
782 769 989 836 Expiet
1019 769 1302 835 alopecias
1339 784 1408 821 ex
1441 774 1604 821 aceto
1635 770 1798 821 illita.

194 840 437 895 Additur
476 840 770 891 oculorum
812 838 1248 891 medicamentis.
1347 840 1560 891 Fauces
1600 847 1802 921 purgat

196 925 325 964 cum
366 908 533 961 melle
560 915 762 960 sumta.
834 905 1170 975 Suspiriosis
1209 908 1676 977 tussientibusque
1715 926 1798 962 lu·

199 978 381 1033 eunde
402 980 672 1041 medetur,
695 992 817 1031 cum
842 981 1029 1030 resina
1047 978 1488 1031 terebinthinam
1511 980 1636 1032 cibo
1658 994 1802 1031 sum-

196 1058 325 1171 ta.d
349 1048 551 1103 Suffita
584 1063 802 1119 quoque
836 1064 958 1100 cum
997 1048 1182 1112 cedro,
1226 1049 1352 1116 ipso
1389 1048 1584 1103 nidore
1604 1049 1802 1101 iisdem

194 1136 288 1174 me
330 1126 473 1173 etur.

271 1190 419 1243 Lvl.
456 1190 533 1241 Et
554 1188 867 1241 arsenicum
890 1202 958 1243 ex
990 1186 1184 1241 eadem
1207 1194 1294 1241 est
1316 1189 1570 1241 materia.
1642 1189 1804 1253 Quod

202 1259 492 1327 optimum,
534 1259 737 1311 coloris
758 1259 931 1311 etiam
952 1260 1011 1309 in
1032 1274 1188 1321 auro,
1225 1260 1614 1313 excellentius:
1659 1260 1806 1327 quod

199 1344 338 1383 vei-0
364 1327 631 1395 pallidius
659 1336 762 1399 aut„
778 1328 1160 1381 sandarachae
1181 1329 1366 1383 simile
1387 1339 1475 1383 est
1494 1368 1510 1395 ,
1553 1330 1806 1383 deterius

200 1400 576 1453 existimatur.
646 1400 750 1452 Est
794 1408 851 1451 et
890 1400 1115 1451 tertium
1155 1414 1344 1467 genus,
1383 1416 1493 1469 quo
1539 1403 1810 1462 miscetur

200 1484 407 1524 aureus
432 1470 589 1521 color
606 1468 998 1522 sandarachae.
1075 1470 1316 1536 Utraque
1339 1470 1474 1524 haec
1493 1488 1808 1540 squamosa.

205 1539 349 1592 mud
372 1555 503 1592 vero
522 1543 1084 1608 siccum,purumque,
1095 1541 1291 1607 gracili
1313 1557 1576 1593 venarum
1600 1543 1810 1597 discur-

201 1627 271 1664 su
294 1611 484 1663 fissile.
559 1609 657 1662 Vis
680 1610 873 1662 cadem
895 1625 1040 1678 quae
1064 1624 1234 1676 supra
1249 1645 1264 1672 ,
1305 1609 1402 1661 sed
1424 1612 1624 1662 acrior.
1696 1613 1806 1664 lta-

203 1696 313 1748 que
354 1687 411 1733 et
454 1683 715 1732 causticis
760 1680 1003 1742 additur,
1053 1687 1110 1732 et
1151 1679 1462 1746 psilothris.
1534 1681 1714 1732 Tollit
1755 1689 1812 1733 et

204 1755 470 1820 pterygia
492 1751 810 1820 digitorum,
853 1764 1156 1817 carnesque
1191 1751 1425 1813 narium,
1471 1756 1530 1802 et
1549 1750 1812 1819 condylo-

204 1829 380 1884 mata,
424 1827 481 1874 et
504 1820 769 1890 quidquid
792 1821 1078 1874 excrescit.
1152 1821 1444 1885 Torretur,
1487 1821 1812 1874 invalidius

208 1894 405 1960 prosit,
437 1891 495 1944 in
524 1905 672 1944 nova
695 1896 858 1953 testa,
880 1891 1058 1944 donec
1078 1897 1258 1945 mutet
1278 1890 1538 1945 colorem.
