2033 3044
294 161 600 216 NATUR.
646 162 867 216 HIST.
916 163 1082 216 LIB.
1127 163 1319 216 XXX.
1351 163 1444 216 43.
1483 164 1571 217 44.
1638 165 1745 218 279

172 263 221 316 in
242 264 387 327 cibo,
428 273 487 318 et
507 267 726 319 vulvam
770 281 1023 318 aversam
1055 267 1338 336 corrigunt
1357 269 1486 317 cum'
1501 267 1748 319 medulla

172 335 401 397 cervina,
445 337 531 386 ita
566 342 628 386 ut
670 337 765 386 uni
810 335 1070 387 cochleae
1095 336 1321 386 denarii
1343 335 1554 400 pondus
1581 338 1748 388 adda‘·

171 409 254 456 tur
275 411 333 456 et
358 405 569 472 cyperi.
640 404 961 457 inflationes
997 419 1214 471 quoque
1256 405 1746 456 vulvarumdiscu-

170 473 307 524 tiunt
350 480 603 526 exemtae
640 477 818 537 testis,
858 477 1136 540 tritaeque
1179 483 1594 525 cum'rosaceo.
1661 476 1745 527 Ad

169 539 300 594 haec
322 543 747 609 Astypalaeicae
790 544 1030 596 maxime
1065 543 1375 609 eliguntur„
1430 541 1554 594 Alio
1578 544 1744 594 modo
1789 539 1800 550 '

168 611 459 667 Africanae
486 613 845 665 binae-tritae
865 629 987 664 cum
1006 613 1156 664 foeni
1174 610 1377 664 Graeci
1397 611 1543 678 quod
1567 613 1746 680 tribus

168 680 357 747 digitis
378 682 645 748 capiatur,
686 683 879 734 addito
889 682 1062 734 melle
1085 681 1463 733 cochlearibus
1490 687 1745 748 quatuor,

167 751 456 802 illinuntur
478 749 617 814 alvo,
642 753 791 818 prius
810 752 955 803 irino
978 766 1142 804 succo
1167 757 1485 817 perunctae.
1524 751 1662 820 Sunt
1687 757 1744 802 et

166 820 411 874 minutae
430 821 757 886 longaeque,
780 820 1044 873 candidae
1066 820 1746 887 cochleae,·passim-ober-

163 896 365 942 rantes.
439 891 557 941 Eae
602 889 882 942 arefactae
900 890 1113 942 Seleia
1137 889 1361 956 teguiis,
1398 885 1667 956 tusaeque
1685 891 1742 940 in
1797 939 1804 946 ,

166 957 363 1021 farina,
404 960 710 1012 miscentur
748 960 995 1012 lomento
1018 961 1208 1026 aequis
1233 960 1499 1026 partibus,
1543 960 1752 1011 cando:

162 1041 383 1096 remque
406 1041 463 1081 et
484 1030 761 1081 laevorem
786 1031 1009 1096 corpori
1029 1029 1282 1080 afferunt.
1321 1028 1625 1080 ··Scabendi
1649 1029 1743 1079 de-

160 1097 367 1151 sideria
385 1099 595 1150 tollunt
616 1100 865 1152 minutae
878 1105 941 1151 'et
962 1099 1114 1150 latae
1134 1113 1257 1149 cum
1282 1099 1522 1164 polenta.
1580 1097 1748 1166 vipe:

159 1180 275 1220 ram
295 1168 499 1220 mulier
518 1181 825 1234 praegnans
848 1171 897 1220 si
929 1168 1352 1230 transcenderit,
1391 1165 1745 1218 abortum‘fa-

158 1237 295 1289 ciet:
318 1240 457 1290 item
478 1236 943 1304 amphisbaenam,
964 1241 1015 1312 'in
1025 1244 1240 1289 ortuum
1259 1238 1565 1289 dumtaxat.
1599 1236 1742 1288 Nam

160 1305 335 1358 vivam
358 1307 622 1359 habentes
646 1311 701 1358 in
722 1309 949 1375 pyxide,
975 1309 1201 1375 impune·
1213 1307 1527 1374 transeunt,
1571 1307 1742 1359 etiam

161 1374 207 1426 si
224 1382 453 1428 mortua
469 1376 573 1426 sit:
616 1383 781 1444 atque
803 1384 1108 1440 asservata,
1145 1375 1556 1443 partusfaciles
1577 1382 1739 1444 prae-

162 1450 272 1498 stat
301 1446 393 1498 vel
434 1453 672 1497 mortun.
743 1447 965 1510 Mirum,
990 1448 1062 1497 si
1084 1461 1190 1498 non
1209 1451 1560 1498 asservatam·
1588 1451 1740 1497 tran·

162 1515 443 1569 scenderit
482 1515 727 1583 gravida,
766 1515 1046 1569 innoxiam
1067 1517 1207 1579 fieri,
1247 1517 1296 1567 si
1321 1519 1570 1583 protinus
1591 1524 1740 1569 tran-

162 1587 387 1638 scendat
410 1592 768 1639 asservatam.
789 1587 1340 1655 ·Anguis·inveterati
1362 1584 1576 1637 suffitus
1597 1600 1746 1639 men·

162 1661 313 1709 sti-ua
337 1655 622 1709 adiuvant.
1000 1658 1005 1668 “
1040 1688 1046 1695 -
1075 1684 1083 1694 ο
1109 1684 1112 1692 ·
1167 1654 1174 1684 ⁵
1295 1654 1301 1671 ²

220 1757 425 1813 XLIV.
462 1760 729 1827 Anguium
750 1748 1006 1823 senectus
1031 1758 1340 1825 adalligata
1361 1760 1584 1821 lumbis,
1607 1756 1756 1811 faci--

161 1826 327 1881 liores
348 1833 545 1895 partus
566 1826 722 1891 facit,
745 1830 999 1895 protinus
1025 1845 1060 1879 a
1080 1830 1368 1898 puerperio
1394 1828 1746 1897 removenda.

159 1895 305 1949 Dant
330 1905 390 1950 et
426 1899 480 1947 in
523 1902 647 1949 vino
668 1898 959 1950 bibendam
983 1914 1112 1957 cum,
1129 1897 1315 1961 thure:
1359 1898 1525 1950 aliter
1545 1905 1760 1958 sumta,-

159 1966 415 2019 abortum
435 1964 589 2018 facit.
661 1968 948 2034 Baculum,
987 1974 1094 2037 quo
1134 1969 1298 2035 angui
1337 1983 1473 2019 rana
1514 1982 1750 2023 excussa

156 2038 244 2098 sit,
282 2039 661 2105 parturientes
706 2038 957 2089 adiuvat·
998 2036 1342 2089 troxaiidum
1384 2039 1524 2089 cinis
1565 2038 1748 2089 illitus

156 2118 274 2157 cum
310 2106 500 2165 melle,
544 2108 919 2173 purgationes.
991 2108 1130 2159 Item
1171 2122 1425 2169 araneus,
1465 2107 1564 2171 qui
1594 2106 1748 2157 filum

154 2175 381 2228 deducit
403 2190 472 2227 ex
492 2176 625 2237 alto,
665 2177 781 2242 capi
805 2177 970 2229 debet
988 2192 1152 2230 manu
1175 2192 1334 2239 cava,
1344 2176 1622 2243 tritusque
1645 2175 1743 2233 ad·

152 2246 363 2299 moveri
378 2264 394 2296 ει
436 2245 580 2314 quod
622 2248 667 2298 si
700 2246 1020 2298 redeuntem
1061 2244 1432 2312 prehenderit,
1470 2242 1750 2297 inhibebit

151 2314 296 2368 idem
323 2316 705 2382 purgationes.
776 2315 945 2381 Lapis
986 2314 1186 2370 aetites
1227 2316 1284 2365 in
1316 2312 1534 2381 aquilae
1557 2326 1762 2379 repere.

152 2392 240 2436 tus
263 2385 416 2449 nid0,
440 2383 683 2435 custodit
705 2391 893 2451 partus
916 2389 1112 2437 contra
1135 2399 1325 2437 omnes
1345 2382 1747 2441 abortuumin·
1803 2435 1812 2445 ,

154 2453 343 2505 sidias.
381 2451 388 2458 '
417 2450 605 2505 Penna
637 2454 917 2504 vulturina
956 2453 1205 2506 subiecta
1247 2450 1489 2519 pedibus.
1518 2449 1747 2513 adiuvat

150 2524 547 2589 parturientes.
620 2523 796 2573 Ovum
838 2522 988 2572 corvi
1026 2520 1270 2589 gravidis
1293 2518 1595 2576 cavendum
1620 2535 1746 2573 con·

151 2600 285 2655 stat,
324 2589 585 2659 quoni'a'm
630 2591 993 2659 transgressis
1035 2592 1290 2645 abortum
1333 2604 1431 2655 per
1472 2603 1534 2643 os
1554 2588 1744 2643 faciat.

154 2660 371 2713 Fimum
396 2658 682 2741 accipitris
706 2664 762 2712 in
784 2660 963 2738 mulso
984 2668 1197 2727 potum,
1209 2659 1432 2713 videtur
1444 2656 1746 2713 foecundas
