2033 3044
251 156 545 210 NATUR.
587 159 926 213 HISToR.
969 161 1401 217 Lunxxlx.
1444 165 1494 216 8.
1564 165 1667 218 221

167 259 292 312 Non
333 259 576 312 deseram
599 263 864 316 Catonem
885 269 1002 314 tam
1030 265 1357 318 ambitiosae
1376 269 1511 318 artis
1529 268 1667 320 invi-

85 329 224 382 diae
241 346 276 382 a
293 345 384 380 me
405 331 692 394 obiectum,
731 338 830 382 aut
849 339 1099 385 senatum
1123 334 1300 398 illum,
1323 336 1415 402 qui
1434 337 1521 386 ita
1540 353 1669 389 cen·-

93 400 276 452 sebat:
297 399 466 467 idque
484 417 590 452 non
613 402 932 454 criminibus
955 404 1093 454 artis
1116 405 1369 470 arreptis,
1390 411 1449 454 ut
1470 405 1665 472 aliquis

95 470 513 534 exspectaverit.
581 470 725 532 Quid
745 475 888 524 enim
909 488 1244 524 venenorum
1266 472 1527 536 fertilius,
1569 482 1667 528 aut

93 539 236 590 unde
255 539 443 605 plures
462 547 916 592 testamentorum
935 541 1209 594 insidiae?
1227 544 1339 594 lam
1355 558 1485 594 vero
1499 549 1555 595 et
1568 545 1665 595 ad-

93 610 297 660 ulteria
321 610 486 660 etiam
513 609 570 660 in
589 611 892 677 principum
921 611 1196 674 domibu8‚
1237 619 1300 664 ut
1338 613 1570 666 Eudemi
1610 613 1669 664 in

93 677 254 730 Livia
273 677 449 730 Drusi
467 680 742 731 Caesaris:
782 681 918 732 item
943 679 1221 742 Valentis,
1251 682 1307 732 in
1328 697 1439 749 qua
1460 683 1669 734 dictum

93 754 180 798 est
197 749 412 814 regina.
478 749 602 800 Non
623 750 736 801 sint
757 750 892 801 artis
915 750 1045 814 ista,
1066 751 1162 801 sed
1186 751 1486 803 hominum.
1544 753 1671 804 Nou

89 818 278 884 magis
315 815 446 868 baec
482 819 609 870 urbi
647 819 836 870 timuit
875 821 1010 870 Cato
1024 854 1041 882 ,
1080 825 1143 871 ut
1182 821 1436 886 equidem
1476 821 1672 886 credo,

91 901 266 954 quam
288 886 511 954 reginas.
585 887 668 939 Ne
693 891 981 940 avaritiam
1007 889 1229 954 quidem
1248 905 1495 958 arguam,
1513 905 1671 958 rapa-

92 971 300 1022 cesque
319 955 584 1009 nundinas
608 957 978 1024 pendentibus
1001 957 1155 1020 fatis,
1180 966 1235 1010 et
1257 961 1509 1012 dolorum
1532 960 1672 1011 indi·

93 1032 360 1088 caturam,
403 1041 464 1076 ac
503 1027 704 1078 mortis
727 1025 964 1088 arrham,
1001 1034 1099 1080 aut
1134 1044 1339 1080 arcana
1360 1036 1670 1096 praecepta.

93 1095 390 1161 Squamam
413 1095 465 1146 in
487 1096 664 1148 oculis
685 1097 1041 1150 emovendam
1064 1098 1267 1164 potius,
1302 1114 1461 1166 quam
1483 1106 1668 1152 extra-

93 1162 328 1216 hendam
351 1182 364 1214 :
408 1181 504 1232 per
525 1181 668 1232 quac
691 1167 946 1218 effectum
971 1173 1075 1229 est,
1096 1174 1161 1218 ut
1180 1167 1321 1220 nihil
1344 1169 1517 1236 magis
1539 1184 1667 1237 pro-

95 1233 250 1287 desse
273 1235 566 1298 videretur,
589 1251 750 1304 quam
773 1237 1073 1288 multitudo
1097 1239 1483 1305 grassantium.
1554 1239 1604 1290 N
1608 1255 1665 1290 e-

97 1319 196 1370 que
219 1303 368 1356 enim
390 1305 577 1369 pudor,
597 1305 692 1356 sed
714 1307 918 1358 aemuli
942 1307 1123 1374 pretia
1139 1309 1510 1360 summittunt.
1559 1309 1669 1360 No-

95 1379 202 1424 tum
243 1377 330 1424 est
369 1375 436 1426 ab
481 1375 673 1428 eodem
699 1373 989 1428 Charmide
1011 1393 1175 1428 unum
1200 1395 1425 1447 aegrum
1448 1395 1515 1432 ex
1536 1395 1667 1446 pro-

91 1442 418 1495 vincialibus
455 1444 545 1496 H·
560 1443 614 1496 S.
657 1443 908 1498 ducentis
957 1448 1351 1500 reconductum
1372 1466 1387 1500 ε
1446 1449 1671 1500 Alconti

87 1512 376 1567 minctum
417 1514 634 1567 medico
673 1517 760 1567 H·
775 1516 830 1569 S.
851 1517 1057 1567 centies
1079 1524 1219 1568 cent.
1244 1518 1383 1571 mill.
1407 1517 1667 1570 damnato

91 1582 360 1635 ademisse
384 1584 668 1636 claudium
694 1586 1014 1651 principem.
1072 1586 1379 1653 Eidemque
1402 1588 1459 1637 in
1484 1588 1671 1639 Gallia
1744 1626 1757 1639 .

89 1653 382 1715 exsulanti,
423 1661 479 1705 et
499 1654 700 1707 deinde
721 1657 984 1706 restituto
1007 1655 1337 1722 acquisitum
1361 1670 1470 1705 non
1490 1658 1669 1707 minus

87 1724 237 1773 intra
273 1737 478 1790 paucos
519 1739 710 1776 annos.
781 1727 855 1775 Et
881 1722 1019 1775 haec
1039 1725 1291 1790 personis
1310 1724 1671 1789 imputentur.

90 1792 172 1844 Ne
211 1791 422 1845 faecem
448 1793 668 1861 quidem
695 1798 793 1846 aut
813 1792 1090 1843 inscitiam
1116 1793 1234 1845 eius
1257 1793 1453 1844 turbae
1477 1808 1669 1861 argua-

89 1876 224 1924 mus,
261 1864 505 1930 ipsorum
534 1862 1018 1930 intemperantiam
1050 1866 1106 1913 in
1128 1860 1356 1923 morbis,
1405 1876 1673 1929 aquarum

90 1930 389 1985 calidarum
413 1932 804 1987 diverticulis:
842 1932 1195 1999 imperiosam
1216 1931 1481 1993 inediam,
1524 1936 1583 1983 et
1604 1932 1672 1982 ab

87 2001 281 2053 iisdem
303 2000 684 2054 deficientibus
706 2004 856 2055 cibos
878 2003 1101 2069 saepius
1126 2002 1215 2054 die
1236 2004 1503 2071 ingestos,
1518 2000 1671 2053 mille

87 2078 379 2136 praeterea
395 2072 770 2138 poenitentiae
783 2072 978 2137 modis,
997 2072 1303 2129 culinarum
1328 2071 1491 2123 etiam
1519 2084 1673 2138 prae-

89 2142 259 2207 ceptis
283 2146 344 2193 et
363 2146 764 2207 'unguentorum
789 2142 1063 2204 mixturis,
1086 2142 1305 2211 quando
1328 2141 1513 2191 nullas
1536 2140 1673 2191 omi-

87 2226 206 2262 sere
227 2210 380 2262 vitae
400 2211 710 2263 illecebras.
749 2210 936 2263 Invehi
957 2213 1278 2279 peregrinas
1300 2226 1529 2273 merce&
1544 2226 1674 2262 con·

88 2280 376 2347 ciliarique
400 2286 626 2332 externa
646 2282 842 2347 pretia,
862 2282 1211 2347 disp-licuisse
1231 2281 1535 2333 maioribus
1558 2294 1675 2331 cre-

88 2349 320 2400 diderim
347 2349 623 2415 equidem:
646 2366 752 2401 non
777 2358 962 2411 tamen
982 2350 1088 2402 hoc
1110 2352 1373 2403 Catonem
1399 2348 1675 2416 providis·

86 2434 164 2481 se,
189 2434 312 2469 cum
337 2418 626 2470 damnaret
647 2426 840 2471 artem.
909 2418 1181 2477 Theriace
1205 2426 1435 2479 vocatur
1454 2420 1674 2486 excogi-

88 2495 205 2539 tata
245 2488 577 2554 compositio
619 2488 888 2541 luxuriae.
957 2488 1053 2539 Fit
1098 2504 1167 2540 ex
1208 2489 1371 2540 rebus
1411 2490 1672 2551 externis,

90 2573 214 2607 cum
235 2562 327 2609 tot
344 2558 591 2610 remedia
615 2557 831 2623 ded-erit
851 2564 1083 2620 natura,
1124 2571 1265 2625 quae
1290 2557 1509 2624 singula
1526 2556 1674 2609 sufli-

91 2634 298 2679 cerent.
337 2624 780 2679 Mithridaticum
800 2628 1107 2679 antidotum
1126 2642 1195 2679 ex
1203 2628 1369 2679 rebus
1382 2626 1507 2681 LIV
1526 2642 1649 2679 com

91 2696 334 2763 ponitur,
373 2696 600 2751 interim
619 2696 778 2751 nullo
801 2697 1049 2767 pondere
1070 2696 1309 2767 aequali,
1352 2702 1409 2752 et
1430 2712 1671 2767 quarun-
