2033 3044
209 130 278 181 30
529 180 538 185 ,
617 128 675 179 C.
723 126 996 179 PLlNu
1036 126 1414 179 SECUNDI

213 236 272 281 et
297 228 415 294 pari
460 244 716 281 mensura
759 232 876 281 eius
918 230 1065 295 quod
1106 230 1247 281 rhun
1270 229 1540 297 Syriacon
1580 238 1814 295 vocant,

211 298 363 414 crolcii
385 300 684 349 semuncia.
759 300 1027 365 coquitur
1067 314 1239 366 usque
1278 300 1349 351 ad
1380 300 1811 353 crassitudinem

212 380 298 417 me
349 381 413 415 ns.

283 433 510 485 LXXX.
549 434 654 485 His
677 436 1031 486 subtexemus
1054 451 1139 497 ea,
1174 451 1313 503 quae
1334 437 1530 488 Graeci
1554 452 1815 489 commu·

217 504 500 555 nicatione
525 504 801 553 nominum
828 505 886 554 in
909 504 1174 571 ambiguo
1216 506 1418 567 fecere,
1463 518 1605 557 anne
1648 508 1819 559 arbo-

215 586 338 623 rum
363 578 562 624 essent.

289 639 662 708 Chamaedrys
685 641 858 692 herba
879 648 984 705 est,
1024 655 1165 707 quae
1188 640 1391 693 Latine
1423 643 1645 707 trixago
1668 640 1818 693 dici-

216 718 330 761 tur.
376 711 560 777 Aliqui
579 725 699 763 eam
725 709 1171 775 chamaeropem,
1196 712 1298 760 alii
1318 711 1599 762 Teucrion
1623 710 1822 777 appel-

217 780 422 831 lavere.
502 779 666 831 Folia
685 778 852 831 habet
872 780 1253 846 magnitudine
1280 786 1514 839 mentae,
1538 778 1733 831 colore
1756 786 1823 831 et

221 848 466 899 divisura
490 862 740 914 quercus.
797 848 905 900 Alii
929 856 1217 909 serratam,
1240 857 1296 899 et
1320 850 1388 900 ab
1412 864 1479 899 ea
1496 862 1709 899 serram
1734 850 1825 899 in-

219 926 437 969 ventam
463 930 584 969 esse
610 917 815 980 dixere,
838 916 974 969 flore
999 932 1173 983 paene
1199 930 1493 984 purpureo.
1548 918 1825 983 Carpitur
1900 944 1909 952 ·

219 1002 528 1055 praegnans
549 1002 714 1039 succo
737 988 788 1037 in
812 986 1349 1053 petrosis,adve1·sus
1364 989 1703 1052 serpentium
1728 1002 1825 1039 ve·

219 1074 361 1107 nona
401 1063 533 1122 potu
576 1056 829 1123 illituque
869 1055 1252 1107 efficacissima
1273 1073 1285 1105 τ
1331 1056 1464 1106 item
1500 1055 1825 1117 stomacho,

218 1126 364 1177 tussi
389 1132 662 1189 vetustae,
680 1127 917 1193 pituitae
937 1127 994 1175 in
1015 1124 1149 1193 gula
1172 1124 1601 1184 cohaerescenti,
1614 1128 1825 1190 ruptis,

221 1194 515 1255 convulsis,
537 1194 730 1245 lateris
753 1194 1055 1246 doloribus.
1130 1195 1355 1245 hienem
1380 1194 1671 1255 consumit,
1696 1194 1821 1243 uri-

219 1277 345 1313 nam
371 1269 427 1313 et
449 1278 663 1314 menses
687 1264 810 1314 ciet.
883 1265 965 1315 Ob
988 1262 1045 1312 id
1070 1262 1469 1328 incipientibus
1489 1262 1827 1329 hydropicis

219 1330 434 1393 efficax,
478 1332 826 1383 manualibus
869 1334 1052 1397 scopis
1098 1331 1215 1381 eius
1263 1334 1321 1382 in
1364 1332 1541 1383 tribus
1574 1330 1822 1382 heminis

219 1415 396 1465 aquae
418 1401 681 1450 decoctae
702 1416 875 1467 usque
901 1402 968 1451 ad
991 1386 1208 1451 fiertias.
1282 1400 1517 1453 Faciunt
1542 1406 1597 1451 et
1621 1400 1821 1466 pastil-

220 1469 328 1531 los,
348 1474 591 1520 terentes
612 1484 734 1518 eam
763 1485 828 1520 ex
854 1485 1011 1536 aqua,
1036 1470 1105 1519 ad
1124 1484 1293 1536 supra
1316 1470 1484 1520 dicta.
1558 1470 1734 1519 Sanat
1756 1476 1825 1521 et

221 1539 483 1598 vomicas,
527 1544 582 1589 et
616 1545 804 1590 vetera
843 1538 1084 1600 bulcem,
1130 1542 1217 1591 vel
1238 1539 1465 1590 sordida
1486 1552 1605 1588 cum
1630 1539 1823 1591 melle.

219 1608 311 1659 Fit
335 1615 392 1657 et
412 1609 600 1660 vinum
621 1621 692 1657 ex
712 1623 782 1659 ea
805 1609 1047 1672 pectoris
1068 1608 1244 1660 vitiis.
1303 1608 1586 1661 Foliorum
1610 1622 1821 1659 succus

219 1693 341 1728 cum
369 1677 496 1728 oleo
519 1675 816 1742 caliginem
841 1675 1123 1727 oculorum
1150 1679 1397 1730 discutit.
1456 1675 1540 1728 Ad
1562 1677 1819 1744 splenem

223 1762 288 1800 ex
317 1753 476 1797 aceto
499 1747 754 1797 sumitur.
827 1744 1141 1797 Excalfacit
1168 1747 1546 1812 perunctione.

290 1816 538 1867 LXXXI.
582 1813 1041 1881 Chamaedaphne
1063 1817 1222 1867 unico
1245 1816 1461 1867 ramulo
1484 1819 1588 1875 est,
1600 1814 1816 1866 cubita-

219 1886 264 1936 li
303 1885 449 1936 ferez
497 1883 638 1935 folia
681 1884 936 1936 tenuiora
973 1883 1118 1934 lauri
1153 1885 1311 1937 folio,
1382 1883 1579 1935 Semcn
1600 1885 1816 1936 rubens

221 1955 480 2006 adnixum
506 1953 656 2004 foliis
681 1954 914 2004 illinitur
936 1953 1137 2018 capitis
1160 1953 1449 2005 doloribus
1467 1967 1676 2002 recens.
1712 1954 1819 2004 Ar·

222 2024 384 2073 dores
408 2021 733 2090 refrigerat:
756 2023 826 2073 ad
846 2023 1087 2072 tormina
1109 2036 1229 2073 cum
1246 2023 1371 2072 vino
1391 2022 1617 2072 bibitur.
1654 2021 1819 2073 Men·

221 2106 311 2143 ses
333 2104 530 2142 succus
551 2092 690 2152 eius,
715 2096 772 2140 et
797 2091 1006 2140 urinam
1034 2097 1142 2142 ciet
1168 2096 1317 2156 potu,
1342 2099 1637 2158 partusque
1665 2089 1815 2142 diffi-

222 2161 356 2212 ciles
381 2161 436 2210 in
461 2161 591 2211 lana
615 2159 922 2224 appositus.
1560 2189 1562 2193 .

293 2229 562 2282 Lxxxn.
588 2227 920 2280 chamelaea
931 2227 1354 2280 similitudinem
1374 2227 1631 2279 foliorum
1652 2227 1818 2282 oleae

223 2297 406 2348 habet.
455 2297 595 2348 Sunt
614 2303 798 2347 autem
825 2310 1032 2356 amma,
1053 2296 1309 2358 odorata,
1330 2298 1383 2346 in
1408 2297 1667 2362 petrosis,
1691 2297 1813 2362 pal-

221 2381 365 2416 mum
389 2365 687 2416 altitudine
711 2382 820 2416 non
845 2365 1163 2418 excedente.
1232 2367 1425 2417 Alvum
1452 2372 1678 2431 purgat:
1722 2367 1820 2418 de·

221 2433 396 2485 trahit
418 2435 675 2497 pituitam
698 2435 974 2500 bilemque
999 2452 1010 2484 :
1056 2433 1210 2486 foliis
1234 2437 1285 2484 in
1312 2433 1525 2484 duabus
1548 2433 1821 2488 absinthii

221 2503 468 2567 partibus
495 2502 756 2566 decoctis,
777 2517 1051 2566 succoque
1073 2517 1139 2553 eo
1164 2519 1283 2554 cum
1311 2503 1473 2553 melle
1498 2509 1649 2569 poto·
1704 2505 1818 2554 Fo-

221 2570 318 2619 liis
353 2570 626 2630 impositis
663 2578 718 2621 et
741 2571 969 2622 hulcera
991 2578 1320 2638 purgantur.
1393 2573 1576 2632 Aiunt,
1618 2571 1822 2638 siquis

224 2643 352 2686 ante
375 2634 520 2686 Solis
541 2644 723 2688 ortum
749 2655 868 2690 eam
890 2639 1107 2705 capiat,
1149 2639 1407 2706 dicatque
1428 2640 1499 2691 ad
1522 2640 1824 2708 albugines
