2033 3044
321 137 424 192 1⁶54
681 132 744 184 C.
782 127 1064 182 Pthlf
1104 119 1480 177 SECUNDI

319 239 583 298 sumtum,
624 235 911 302 quartanis
955 229 1239 281 medeturz
1298 223 1469 288 adeps
1512 235 1637 272 cum
1679 231 1911 272 rosaceo

321 305 661 373 quotidianis
683 301 950 354 febribus.
1021 299 1323 349 Pei-unctos
1346 308 1413 344 eo
1434 291 1655 342 bestiae
1670 287 1910 355 fugiunt.

321 375 602 427 Resistere
625 374 794 424 etiam
813 368 1037 420 insidiis
1059 365 1294 416 videtur.

391 441 594 494 XXVI.
632 439 841 492 Cameli
863 437 1150 489 cerebrum
1174 430 1503 490 arefactum,
1526 434 1833 494 potumque
1850 437 1913 477 ex

323 519 503 574 aceto,
517 509 887 562 comitialibus
899 505 1110 556 morbis
1120 503 1279 553 aiunt
1299 499 1507 550 mederi
1523 515 1536 548 :
1560 497 1693 548 item
1708 495 1789 548 fel
1798 507 1915 546 cum

323 582 491 635 melle
511 588 732 647 potum:
776 577 881 627 h-oc
904 581 961 626 et
980 575 1231 640 anginae.
1294 568 1485 620 Gauda
1505 565 1757 618 arefacta
1778 562 1915 615 solvi

324 653 538 704 alvum:
580 648 698 698 fimi
737 647 922 698 cinere
949 642 1184 707 crispari
1204 638 1463 703 cap-illum
1486 651 1611 686 mm
1636 634 1781 688 oleo.
1848 631 1916 684 Et

329 717 702 788 dysentericis
726 714 956 782 prodest
973 713 1151 762 illitus
1172 709 1327 768 cinis,
1360 711 1636 772 potusque
1657 706 1916 768 quantum

327 791 508 841 tribus
531 786 726 853 digitis
747 785 1018 849 capiatur,
1042 788 1099 832 et
1118 775 1499 830 comitialibus
1522 773 1751 824 morbis.
1800 769 1911 820 Uri-

328 875 455 909 nam
485 855 801 907 fullonibus
845 851 1202 902 utilissimam
1229 859 1349 897 esse
1381 843 1644 904 tradunt:
1684 841 1915 904 itemque

327 926 646 978 hulceribus
667 922 1044 974 manantibuse
1079 917 1357 968 Barbaros
1376 927 1505 964 eam
1526 926 1755 964 servare
1774 909 1915 976 quin-

329 995 590 1063 quennio,
616 999 674 1046 et
693 991 928 1042 heminis
949 994 1084 1055 pota
1106 986 1257 1037 ciere
1277 983 1480 1034 alvum.
1554 979 1721 1032 Setas
1742 995 1774 1032 e
1794 993 1914 1030 cau·

333 1067 407 1115 da
423 1067 730 1183 gontortas,
772 1065 830 1112 et
852 1061 1080 1110 sinistro
1100 1053 1329 1106 brachio
1350 1051 1619 1118 alligatas
1640 1046 1915 1116 quartanis

329 1149 418 1185 me
461 1148 562 1184 eri.

399 1200 628 1254 xxvn.
666 1199 965 1264 Hyaenanr
979 1193 1135 1261 Magi
1156 1207 1225 1244 ex
1246 1190 1500 1242 omnibus
1520 1183 1915 1240 animalibusin

330 1269 573 1320 maxima
593 1265 962 1318 admiratione
985 1267 1318 1328 posuerunt,
1356 1263 1553 1324 utpote
1592 1259 1685 1308 cui
1724 1261 1783 1308 et
1820 1253 1917 1320 ipsi

329 1335 581 1404 Magicas
613 1342 764 1386 artes
805 1332 1081 1393 dederint,
1120 1331 1361 1395 vimque,
1405 1341 1515 1393 qua
1535 1323 1917 1376 alliciatadse

331 1405 583 1457 homines
625 1409 808 1453 mente
849 1401 1136 1452 alienatos.
1211 1399 1298 1450 De
1321 1396 1745 1462 permutatione
1764 1405 1917 1446 sem

331 1485 518 1526 antula
539 1472 661 1524 vice
687 1470 944 1535 diximus,
986 1481 1283 1535 ceteraque
1304 1466 1373 1516 de
1406 1465 1757 1517 monstrifica
1774 1465 1918 1514 natu-

331 1560 398 1595 ra
441 1542 589 1594 eiust
629 1558 772 1593 nunc
813 1554 1211 1608 persequemur
1234 1549 1597 1603 quaecunque
1634 1531 1916 1586 medicinis

333 1613 660 1681 produntur.
733 1609 1034 1676 Praecipue
1058 1607 1343 1674 pantheris
1369 1606 1573 1656 terrori
1604 1618 1735 1655 esse
1754 1602 1916 1655 tradi·

331 1690 442 1745 tur,
483 1686 548 1732 ut
567 1694 636 1733 ne
657 1685 926 1732 conentur
963 1678 1181 1745 quidem
1206 1678 1498 1726 resistere:
1544 1678 1604 1725 et
1628 1670 1843 1739 aliquid
1858 1669 1917 1722 de

331 1753 490 1805 corio
531 1752 650 1803 eius
679 1748 974 1800 habentem
1007 1761 1117 1797 non
1140 1745 1348 1811 appeti.
1416 1742 1737 1808 Mil-umque
1756 1740 1916 1801 dictu,

265 1886 270 1890 ⁵
333 1824 380 1873 si
409 1822 580 1887 pelles
603 1820 888 1883 utriusque
911 1818 1227 1869 contrariae
1250 1811 1683 1877 suspendantur,
1714 1808 1917 1862 decide-

335 1906 394 1942 re
417 1890 561 1957 pilos
579 1886 900 1956 pantherae.
971 1886 1110 1936 eum
1146 1882 1713 1949 fugiant-venantem,
1754 1879 1913 1931 deeli-

335 1974 470 2011 nare
487 1958 574 2010 ad
599 1958 870 2016 dextram,
906 1960 970 2005 ut
995 1952 1401 2019 praetergressi
1422 1948 1665 1999 hominis
1687 1948 1915 2017 vestigia

335 2032 628 2093 occupent.
699 2024 864 2085 Quod
903 2024 951 2073 si
969 2022 1319 2081 successerit,
1358 2018 1594 2071 alienari
1614 2024 1823 2080 mente,
1860 2030 1919 2069 ac

335 2098 422 2150 vel
445 2112 512 2148 ex
541 2109 684 2163 equo
718 2091 992 2143 hominem
1016 2090 1290 2141 decidere.
1359 2089 1431 2140 At
1448 2087 1578 2139 siin
1602 2088 1817 2139 laevam
1838 2085 1915 2139 do-

333 2164 586 2226 torserit,
625 2162 930 2213 deficientis
967 2165 1351 2225 argumentum
1391 2170 1533 2219 esse,
1578 2156 1917 2223 celeremque

327 2240 666 2300 capturam..
716 2230 962 2282 Facilius
985 2237 1167 2279 autem
1204 2227 1345 2294 capi,
1367 2228 1415 2275 si
1442 2227 1660 2277 cinctus
1684 2240 1815 2279 suos
1836 2238 1917 2276 ve-

334 2310 516 2362 nator,-
541 2299 930 2365 flagellumque
948 2294 1279 2363 imperitans
1300 2310 1440 2361 equo
1462 2296 1713 2359 septenis
1734 2295 1916 2361 allige-

333 2372 476 2423 verit
493 2368 671 2420 nodis.
741 2366 894 2429 Mox,
933 2375 996 2417 ut
1038 2372 1125 2417 est
1162 2364 1344 2417 solers
1364 2364 1691 2431 ambagibus
1710 2363 1914 2415 vanitas

333 2436 784 2503 Magorum,eapi
806 2436 1002 2488 iubent
1015 2434 1376 2487 Geminorum
1398 2432 1621 2499 signum
1643 2444 1914 2485 transeun-

335 2510 394 2554 te
414 2506 590 2565 Luna,
619 2504 991 2571 ‚singulosque
1020 2518 1191 2571 prope
1228 2501 1373 2568 pilos
1405 2501 1641 2553 servari.
1660 2518 1671 2525 ·
1712 2500 1912 2567 Capitis

337 2569 526 2649 deleri
539 2572 828 2640 alligatam
849 2580 1030 2625 eutem
1053 2569 1332 2639 prodesse,
1374 2586 1515 2637 quae
1544 2568 1716 2621 fuerit
1744 2570 1801 2619 in
1828 2582 1909 2620 ea·

333 2642 458 2706 pite
475 2652 614 2693 eius.
638 2660 650 2669 =
683 2641 1035 2708 Lippitudini
1050 2640 1133 2695 fel
1154 2640 1363 2693 illitum
1386 2640 1697 2693 frontibus
1736 2645 1835 2691 aut
1850 2649 1913 2689 ne
