2033 3044
286 189 591 274 NAjruR.
630 163 855 243 Hls³r.
904 161 1068 243 [Aa.
1107 157 1294 243 xxx.
1341 191 1536 248 33-39.
1604 191 1708 247 275

140 297 219 346 In
240 268 623 346 contractione
666 309 953 346 nervorum
985 308 1114 345 caro
1153 291 1510 360 palumbina
1494 313 1552 346 ιιι
1575 297 1710 348 cibis

142 365 377 432 prodest
389 370 445 414 et
466 363 795 414 inveterata.
820 361 1120 426 herinacei,
1143 363 1422 434 spasticis:
1447 366 1578 416 item
1601 381 1712 418 mu·

142 435 319 486 stelae
344 433 499 484 cinis.‘
574 431 917 500 Serpentium
941 435 1234 484 senectus
1220 451 1274 483 ιιι
1313 427 1464 498 pelle
1495 435 1714 486 taurina

144 501 491 571 adalligata
506 515 756 569 spasmos
810 502 933 552 fieri
973 499 1262 568 prohibet.
1317 501 1714 567 opisthotonos

146 572 292 623 milvi
336 573 494 622 iecur
520 570 746 621 aridum
790 573 965 648 tribus
1004 571 1188 623 obolis
1229 570 1284 620 in
1311 585 1486 637 aquae
1509 572 1718 624 mulsae

148 635 365 709 cyathis
386 639 564 690 tribus
591 635 961 705 potum..

206 707 815 780 xxxvl1.Reduvias,
854 711 911 760 et
950 723 1090 775 quae
1127 708 1182 758 in
1206 707 1402 776 digitis
1419 713 1719 759 nascuntur

144 779 425 846 pterygia,
454 777 675 840 tollunt,
718 779 894 828 canini
918 779 1128 845 capitis
1141 777 1290 838 ciniS,
1323 783 1418 827 aut
1438 777 1602 834 vulva
1623 779 1715 829 de-

149 854 304 900 cocta
320 851 382 900 in
406 847 550 908 olen,
588 847 907 912 superillito
921 847 1125 912 butyro
1168 845 1337 898 ovillo
1378 863 1496 902 cum
1537 847 1718 898 melle.

146 917 276 969 {tem
296 911 581 968 folliculus
606 916 895 968 cuiuslibet
916 915 1234 966 animalium
1258 915 1422 966 fellis.
1449 916 1718 982 Unguium

150 987 461 1038 scabritiam
506 983 851 1057 cantharides
894 1001 1013 1035 cum
1042 985 1160 1051 pice
1183 985 1351 1036 tertio
1375 984 1462 1036 die
1485 987 1720 1047 solutae,

149 1063 241 1108 aut
259 1056 531 1114 locustae,
575 1069 693 1105 cum
741 1070 870 1106 sevo
905 1052 1132 1114 hircino.
1203 1051 1475 1104 l’ecudum
1517 1071 1718 1106 sevum.

150 1125 320 1192 Aliqui
359 1125 591 1173 miscent
614 1124 819 1173 viscum
847 1131 902 1174 et
928 1123 1289 1188 portulacam,
1333 1123 1431 1174 alii
1452 1125 1598 1176 aeris
1622 1124 1718 1176 flo-

148 1209 256 1246 rem
279 1201 334 1245 et
358 1194 587 1251 viscum,
604 1193 689 1243 ita
708 1200 772 1244 ut
793 1195 959 1244 tertio
983 1193 1072 1244 die
1094 1193 1328 1243 solvant.

212 1261 519 1316 XXXVssl.
558 1229 887 1328 Sanguinem
912 1263 1062 1313 sistit
1102 1262 1159 1312 in
1180 1262 1403 1313 naribus
1423 1278 1610 1314 sevum
1649 1278 1720 1316 ex

155 1337 365 1384 omento
387 1325 657 1397 pecudum
670 1299 935 1382 inditum.
992 1332 1130 1383 ltem
1155 1333 1442 1400 coagulum
1468 1348 1534 1384 ex
1557 1347 1720 1398 aqua,

154 1402 381 1452 maxime
402 1401 684 1468 agninum,
728 1401 1051 1452 subductum
1089 1401 1178 1452 vel
1199 1401 1461 1464 infusum,
1505 1402 1722 1456 etiamsi

154 1471 258 1522 alia
281 1483 390 1520 non
414 1470 650 1537 prosint.
718 1463 901 1536 Adeps
921 1469 1205 1520 anserinus
1229 1487 1350 1520 cum
1371 1474 1574 1541 butyro
1597 1474 1722 1539 pari

156 1542 389 1606 pondere
411 1538 648 1606 pastillis
670 1540 933 1607 ingestus.
972 1538 1328 1589 cochlearum
1351 1548 1592 1598 terrena,
1615 1541 1726 1595 Sed

156 1617 207 1661 et
226 1612 375 1675 ipsae
396 1614 679 1662 extractae
702 1610 878 1675 testis.
924 1605 971 1657 E
994 1607 1216 1658 naribus
1236 1606 1500 1659 fluentem
1523 1615 1730 1663 sistunt

156 1678 404 1731 cochleae
428 1679 708 1729 contritae
724 1676 896 1727 fronti
902 1666 1122 1727 illitae:
1163 1676 1352 1726 aranei
1375 1678 1516 1730 tela.
1561 1680 1725 1747 galli-

156 1750 305 1799 nacei
326 1746 680 1809 cerebellum,
700 1743 792 1806 vel
812 1746 1054 1813 sanguis,
1095 1742 1364 1810 profluvia
1385 1761 1454 1797 ex
1478 1749 1729 1799 cerebro.

155 1818 280 1869 item
305 1818 667 1878 columbinus,
712 1817 781 1867 ob
821 1814 879 1865 id
911 1830 1032 1867 serv
1036 1820 1158 1865 atus
1183 1820 1598 1881 concretusque.
1671 1815 1731 1867 Si

155 1900 280 1939 vero
302 1902 372 1939 cx
392 1886 617 1938 vulnere
638 1885 934 1937 immodice
972 1883 1127 1946 fluat,
1171 1883 1286 1933 fimi
1329 1885 1588 1940 caballini
1610 1900 1728 1935 cum

154 1956 525 2022 putaminibus
568 1956 795 2033 ovo‘rum
838 1954 1068 2007 cremati
1107 1953 1241 2005 cinis
1271 1952 1579 2024 impositus
1591 1955 1729 2005 mire

154 2026 315 2080 sistit

218 2094 472 2147 xxxix.
510 2092 839 2145 Vulneribus
880 2093 1132 2145 medetur
1168 2108 1432 2161 oesypum
1457 2108 1576 2144 cum
1599 2091 1726 2143 hor-

154 2162 243 2215 dei
262 2161 451 2215 ciner'e
472 2166 527 2213 et
550 2163 813 2230 aerugine
837 2165 1028 2230 aequis
1051 2162 1314 2229 partibus.
1383 2164 1461 2215 Ad
1487 2163 1732 2223 carcinof

154 2240 301 2284 mata
338 2244 557 2301 quoque
601 2246 665 2281 ac
706 2234 998 2299 serpentia
1000 2232 1168 2283 valet.
1241 2230 1441 2282 Erodit
1462 2239 1518 2283 et
1543 2232 1727 2283 hulce-

152 2316 271 2353 rnm
297 2304 603 2367 margines:
648 2314 945 2365 carnesque
972 2308 1368 2352 excrescentes
1392 2301 1460 2351 ad
1486 2302 1728 2368 aequali-

154 2375 325 2423 tatem
348 2370 592 2437 redigit.
632 2368 829 2435 Explct
851 2375 1084 2449 quoque,
1109 2378 1166 2421 et
1189 2370 1258 2419 ad
1285 2371 1589 2421 cicatricem
1611 2386 1730 2437 per

156 2441 323 2491 ducit.
398 2422 606 2506 Magna
624 2440 707 2489 vis
724 2446 788 2489 et
808 2438 867 2487 in
892 2436 1073 2490 cinere
1095 2438 1360 2506 pecudum
1386 2439 1499 2490 fimi
1521 2440 1588 2490 ad
1614 2457 1730 2493 car-

154 2511 449 2591 cincinnatas,
492 2508 681 2559 addito
702 2508 875 2559 nitro.
909 2509 1081 2558 autin
1116 2508 1298 2559 cinere
1329 2524 1396 2559 ex
1419 2500 1630 2567 ossibus
1650 2512 1730 2562 fe-

158 2575 365 2629 minum
389 2578 730 2644 agninorum,
752 2576 1044 2645 praecipue
1069 2578 1125 2628 in
1147 2573 1230 2627 his
1251 2576 1574 2644 hulceribus,
1593 2595 1730 2647 quae

158 2647 479 2700 cicatricem
502 2662 610 2699 non
629 2648 871 2698 trahunt.
910 2644 1115 2715 Magna·
1137 2652 1192 2697 et
1204 2646 1565 2713 pulmonibus,
1579 2665 1734 2717 prae

158 2717 322 2785 cipue
341 2715 595 2768 arietum.
630 2718 1067 2771 Excrescentes
1110 2732 1325 2839 carges2
1340 2719 1396 2770 in
1419 2718 1734 2773 hulceribus
