2033 3044
266 163 566 216 NATUR.
599 160 945 215 HlSToR.
989 162 1155 215 LIB.
1197 164 1391 219 XXV.
1421 164 1629 221 ‘18-20.
1697 166 1767 223 53

183 270 304 330 suis,
336 272 438 320 aut
455 264 772 335 gallinaceo
797 266 1083 319 decoctum
1110 266 1405 323 salubrius.
1477 270 1769 339 Purgatio-

181 341 258 391 nis
293 352 467 391 eausa
507 344 777 404 putavere
808 336 979 402 aliqui
1016 344 1309 404 utramque
1342 340 1603 403 dandam,
1650 343 1769 395 sive

180 424 296 463 eun
317 408 504 460 malva
529 408 842 459 decoctum.
871 406 1183 460 Thoraeem
1204 418 1459 476 purga-nt,
1480 410 1645 464 bilem
1670 412 1766 466 ‹le-

180 476 418 539 trahunt‚
441 476 540 529 sed
565 474 910 531 stomachum
932 476 1179 531 laedunt.
1253 478 1519 547 Reliquos
1539 496 1671 533 usus
1690 481 1771 535 di-

180 564 362 603 cemus
379 547 498 601 suis
519 547 682 599 locis.

239 618 394 673 XIX.
439 617 520 669 12.
547 616 763 669 invenit
793 621 851 669 et
881 614 1129 671 Achilles
1164 616 1468 685 discipulus
1501 616 1773 685 Chironis,

179 704 285 757 qua
301 686 626 741 vulneribus
665 686 996 749 mederetur,
1038 702 1177 755 quae
1198 686 1269 740 ob
1292 690 1350 742 id
1378 688 1661 742 Achilleos
1679 706 1773 743 vo-

178 762 346 811 eatur.
395 758 526 811 Hac
547 770 772 811 sanasse
794 756 1103 823 Telephum
1128 758 1347 811 dieitur.
1406 760 1520 811 Alii
1542 760 1773 827 primum

177 828 493 897 aeruginem
515 827 812 889 invenisse,
855 826 1209 879 utilissimam
1233 830 1575 895 emplastris,
1618 830 1772 881 ideo-

178 914 280 967 que
299 898 553 965 pingitur
573 914 611 951 a
633 896 858 964 cuspide
891 898 1182 951 decutiens
1218 914 1337 951 eam
1372 900 1560 968 gladio
1582 900 1639 951 in
1660 899 1777 951 vul·

177 984 278 1021 nus
299 966 558 1035 Telephi.
631 966 746 1021 Alii
783 973 1023 1035 utroque
1059 984 1219 1021 usum
1258 970 1665 1023 medicamento
1682 984 1777 1021 vo·

147 1048 152 1055 ·
175 1042 308 1091 lunt.
375 1039 568 1105 Aliqui
591 1043 648 1091 et
671 1036 814 1089 hanc
833 1052 1095 1105 panacem
1121 1036 1433 1102 heracleon,
1457 1040 1559 1092 alii
1580 1039 1777 1092 sideri·

177 1110 270 1171 tin,
309 1115 370 1163 et
395 1108 546 1175 apud
567 1123 670 1161 nos
691 1106 1045 1159 millefolium
1068 1114 1296 1170 vocant,
1336 1110 1567 1161 cubitali
1590 1124 1776 1177 scapo,

177 1194 470 1243 ramosam,
513 1178 910 1229 minutioribus
951 1192 1112 1245 quam
1144 1176 1411 1231 foeniculi
1432 1180 1585 1233 foliis
1604 1180 1774 1233 vesti-

177 1256 284 1301 tmn
305 1250 377 1303 ab
404 1251 540 1301 imo.
617 1248 725 1299 Alii
747 1247 996 1299 fatentur
1018 1248 1238 1315 quidem
1276 1249 1429 1301 illam
1456 1250 1776 1303 vulneribus

175 1320 385 1382 utilem,
426 1318 526 1371 sed
545 1324 731 1369 *teram
753 1316 1047 1370 Achilleon
1066 1334 1191 1373 esse
1214 1334 1381 1387 scapo
1406 1322 1662 1374 caeruleo
1689 1337 1779 1387 pe·

181 1388 310 1452 asli,
349 1391 476 1441 sine
496 1403 686 1451 ramts,
716 1402 784 1439 ex
805 1388 950 1439 omni
971 1396 1133 1455 parte
1154 1390 1389 1459 singulis
1412 1391 1567 1443 foliis
1588 1398 1779 1444 rotun·

183 1459 264 1510 dis
284 1460 576 1530 eleganter
593 1460 874 1509 vestitam.
945 1460 1055 1510 Alii
1077 1460 1346 1528 quadrato
1371 1462 1546 1526 caule,
1570 1464 1781 1530 capitu·
1822 1488 1829 1495 ·

177 1531 245 1582 lis
285 1529 575 1592 marrubii,
618 1529 758 1582 folio
792 1545 1039 1596 quercus.
1114 1531 1272 1582 Hanc
1306 1533 1472 1583 etiam
1498 1535 1779 1599 praecisos

179 1616 371 1653 nervos
397 1602 679 1670 glutinare
703 1599 936 1651 faciunt.
1007 1600 1225 1652 Aliisid
1266 1604 1398 1653 ritin
1440 1606 1493 1652 in
1524 1603 1780 1653 maceriis

179 1678 518 1732 nascentem,
562 1685 682 1720 cum
721 1676 956 1732 teratur,
994 1667 1145 1720 foedi
1188 1685 1219 1720 o
1264 1673 1391 1722 oris.
1465 1673 1781 1723 Etiamnum

183 1741 340 1794 aliam
365 1740 614 1794 similem
637 1738 786 1800 huic,
825 1738 924 1792 sed
968 1738 1379 1792 candidioribus
1410 1739 1565 1790 foliis
1587 1748 1643 1792 et
1664 1741 1783 1806 pin-

183 1811 483 1878 guioribus,
526 1809 878 1860 tenuioribus
918 1806 1224 1870 cauliculis,
1266 1809 1322 1858 in
1354 1811 1528 1860 vineis
1562 1823 1785 1860 nascen-

181 1889 306 1934 tem.
338 1879 524 1935 Aliam
547 1893 682 1930 vero
704 1880 894 1930 binum
920 1877 1252 1940 cubitorum,
1272 1877 1503 1929 ramulis
1526 1878 1784 1940 exilibus,

179 1951 503 2019 triangulis,
527 1948 672 2000 folio
697 1949 874 2010 filicis,
891 1947 1146 2014 pediculo
1172 1947 1355 2016 longo,
1368 1949 1533 2002 betae
1556 1950 1785 2012 semine,

183 2035 372 2072 omnes
391 2020 718 2072 vulneribus
742 2017 1089 2085 praecipuas.
1166 2017 1359 2070 Nostri
1384 2035 1522 2079 eam,
1539 2034 1681 2086 quae
1704 2025 1789 2070 est

181 2089 464 2142 latissimo
483 2089 648 2152 folio,
670 2103 893 2156 scopam
919 2091 1131 2156 regiam
1154 2095 1374 2141 vocant.
1410 2087 1671 2142 Medetur
1688 2103 1785 2138 an-

237 2161 326 2213 nis
351 2175 534 2212 suum.

180 2175 376 2284 gtxx·
420 2229 502 2282 13.
525 2229 748 2279 Invenit
772 2227 1057 2280 etTeueer
1079 2227 1271 2280 eadem
1286 2233 1475 2280 aetate
1490 2226 1789 2288 Teucrion,

181 2317 342 2369 quam
365 2303 596 2368 quidam
621 2295 938 2350 hemionion
959 2305 1180 2360 vocant,
1216 2304 1566 2366 spargentem
1594 2297 1789 2347 iuncos

183 2379 399 2433 tenues,
421 2371 568 2422 folia
589 2381 776 2434 parva,
798 2369 1010 2435 asperis
1034 2369 1173 2419 locis
1196 2375 1530 2428 nascentem,
1562 2372 1789 2417 austero

181 2455 404 2509 sapore,
417 2451 700 2505 nunquam
725 2437 1040 2490 florentem:
1060 2453 1239 2505 neque
1254 2451 1437 2490 semen
1454 2437 1649 2504 gignit.
1673 2437 1791 2488 Me-

184 2512 348 2566 detur
373 2510 642 2563 lienibus.
707 2509 1045 2576 Constatque
1066 2509 1148 2558 sic
1168 2507 1478 2559 inventam:
1506 2509 1637 2558 Cum
1662 2515 1792 2560 exta

181 2595 352 2649 super
377 2595 503 2634 eam
527 2581 782 2648 prolecta
805 2584 1012 2639 essent,
1046 2575 1367 2630 adhaesisse
1388 2577 1539 2640 lieni,
1556 2589 1793 2644 eumque

182 2652 529 2704 exinanisse.
606 2649 691 2701 Ob
731 2649 788 2699 id
831 2663 866 2699 a
907 2648 1235 2714 quibusdam
1272 2648 1522 2715 splenion
1542 2653 1794 2698 vocatur.

183 2722 460 2785 Narrant,
502 2734 650 2784 sues,
691 2719 788 2786 qui
804 2715 1047 2770 radicem
1072 2717 1192 2770 elus
1214 2717 1443 2782 ederint,
1463 2719 1581 2770 sine
1602 2715 1797 2780 splen-e
