2033 3044
269 169 370 224 182
607 211 614 218 .
699 168 760 220 C.
803 165 1076 221 PLINII
1122 166 1497 230 SEcUmnl

268 277 454 324 autem
492 271 596 320 alit
617 270 984 336 quodcunque
1023 269 1339 332 humanum,
1376 285 1507 321 mox
1536 271 1827 338 caprinum
1850 291 1867 325 e

267 340 410 391 unde
445 339 700 390 fortassis
745 339 968 390 fabulae
999 341 1186 390 lovem
1222 340 1304 390 ita
1346 341 1620 390 nutritum
1654 341 1863 394 dixere.

265 408 662 460 Dulcissimum
687 408 758 458 nd
780 406 1019 458 hominis
1040 408 1392 470 came-linum,
1424 411 1863 461 efficacissimum

270 493 339 529 ex
361 477 550 528 asinis.
623 479 954 545 Magnorum
978 477 1303 528 animalium
1326 483 1387 528 et
1404 492 1703 543 corporum
1724 478 1863 530 raei-

268 547 374 598 lius
415 546 682 598 redditur.
751 543 1050 597 Stomacho
1092 546 1727 597 accommodatissimum
1771 563 1863 598 ca-

268 617 504 682 prinum,
527 615 785 681 quoniam
807 615 1003 666 fronde
1030 615 1225 682 magis,
1240 630 1403 683 quam
1428 615 1617 677 herba,
1637 631 1863 668 vescun-

270 691 377 735 tur.
451 683 728 740 Bubulum
754 683 1098 735 medicatius.
1171 681 1410 735 ovillum
1436 685 1656 736 dulcius
1676 691 1731 736 et
1748 699 1855 736 ma-

269 757 356 822 gis
379 751 497 816 alit,
512 750 798 802 stomacho
819 753 1000 804 minus
1022 752 1182 816 utile,
1198 755 1457 818 quoniam
1480 760 1567 804 est
1581 754 1851 820 pinguius.

271 825 444 874 Omne
470 828 652 872 autem
671 835 897 871 vernum
920 821 1175 887 aquatius
1198 822 1428 882 aestivo,
1442 829 1501 872 et
1522 823 1591 872 de
1612 822 1858 874 novellis:

269 890 716 957 probatissimum
735 905 888 950 vero,
927 889 1077 956 quod
1102 891 1156 939 in
1192 905 1377 956 ungue
1402 889 1614 952 haeret,
1656 907 1759 942 nec
1779 891 1861 942 de-

269 959 412 1010 fluit.
480 960 830 1009 Innocentius
854 958 1167 1021 decoctum,
1211 959 1503 1024 praecipue
1530 974 1653 1010 cum
1680 960 1855 1010 caleu-

267 1026 338 1078 lis
361 1029 606 1078 marinis.
659 1027 848 1078 Alvus
872 1029 1111 1078 maxime
1133 1027 1371 1078 solvitur
1390 1027 1622 1079 bubulo.
1680 1029 1861 1079 Minus

271 1101 452 1146 autem
475 1095 632 1146 inflat
647 1095 1007 1161 quodcunque
1026 1095 1329 1146 decoctum.
1390 1125 1397 1130 ·

342 1165 482 1214 Usus
505 1164 672 1216 lactis
706 1164 776 1213 ad
812 1165 1000 1215 omnia
1028 1167 1177 1214 intus
1200 1164 1579 1228 exhulcerata‚
1622 1165 1861 1216 maxime

268 1247 446 1293 reneS,
486 1233 742 1294 vesicam,
782 1235 1078 1294 interanea,
1118 1231 1326 1294 fauces,
1366 1233 1687 1299 pulmones:
1726 1233 1861 1285 foris

269 1299 538 1366 pruritum
576 1302 736 1363 cutis,
777 1303 1092 1367 eruptiones
1128 1303 1379 1366 pituitae,
1424 1309 1554 1366 post
1584 1303 1859 1354 abstinen-

267 1370 422 1420 tiam.
495 1369 632 1420 Nam
656 1376 718 1419 ut
736 1369 794 1418 in
816 1370 1054 1426 Arcadia
1073 1369 1332 1421 bubulum
1356 1369 1606 1421 biberent
1630 1369 1859 1437 phthisi·

271 1440 342 1496 ci,
381 1438 806 1506 syntecticique,
847 1446 904 1490 et
937 1437 1246 1500 cachectae,
1288 1438 1527 1489 diximus
1562 1441 1621 1489 in
1642 1441 1861 1490 ratione

266 1505 579 1559 herbarum.
651 1506 792 1559 Sunt
827 1509 974 1559 inter
1012 1508 1281 1575 exempla,
1322 1509 1417 1575 qui
1456 1509 1741 1561 asininum
1784 1511 1859 1561 bi·

265 1577 446 1628 hendo
493 1576 720 1627 liberati
761 1578 872 1627 sint
915 1578 1183 1643 podagra,
1242 1576 1579 1643 chiragrave.
1652 1577 1859 1630 Medici

267 1645 504 1709 speciem
530 1660 693 1695 unam
715 1645 1172 1707 addidere-lactis
1192 1646 1504 1712 generibus,
1546 1648 1699 1711 quod
1718 1646 1861 1699 schi-

265 1720 393 1765 ston
415 1713 805 1779 appellavere„
851 1715 912 1767 ld
936 1716 1000 1764 fit
1024 1714 1127 1767 hoc
1151 1715 1339 1765 modo=
1398 1714 1560 1765 fictili
1581 1730 1727 1767 novo
1750 1714 1857 1767 fer·

264 1789 356 1835 vet
379 1784 661 1849 caprinum
687 1784 945 1844 maxime,
967 1784 1244 1849 ramisque
1271 1783 1517 1833 ficulneis
1542 1787 1857 1837 recentibus

266 1854 547 1915 miscetur,
587 1852 788 1902 additis
819 1852 1053 1903 totidem
1092 1850 1314 1919 cyathis
1346 1852 1533 1911 mulsi,
1580 1860 1721 1918 quot
1752 1856 1859 1905 sint

265 1920 518 1973 heminae
559 1921 735 1971 lactis.
826 1922 960 1971 Cum
1003 1920 1211 1984 fervet,
1252 1936 1319 1971 ne
1364 1922 1859 1983 circumfundatur,

265 1996 512 2057 praestat
536 1989 770 2055 cyathus
793 1996 1086 2055 argenteus
1108 2005 1227 2039 cum
1256 1990 1461 2057 frigida
1484 2006 1632 2056 aqua
1666 1993 1861 2044 demis-

267 2075 381 2117 sus,
421 2061 505 2109 ita
527 2074 593 2109 ne
628 2058 756 2123 quid
779 2058 1063 2109 infundat:
1100 2059 1345 2109 ablatum
1381 2060 1580 2110 deinde
1602 2062 1739 2126 igni,
1778 2076 1863 2112 re·

267 2127 632 2193 frigeratione
655 2126 934 2189 dividitur,¹
947 2135 1004 2179 et
1028 2127 1260 2178 discedit
1282 2142 1465 2180 serum
1490 2142 1524 2176 a
1544 2130 1711 2181 lacte.
1734 2130 1863 2191 Qui·

269 2197 395 2248 dam
421 2204 477 2247 et
497 2196 676 2261 ipsum
700 2211 883 2247 serum
909 2198 1023 2247 iam
1046 2196 1225 2248 mulso
1248 2196 1694 2261 potentissimum
1718 2234 1737 2260 ‚
1780 2200 1867 2252 de·

271 2271 517 2332 coquunt
538 2264 608 2315 ad
649 2266 844 2317 tertias
883 2271 1091 2330 partes,
1136 2272 1192 2316 et
1232 2267 1333 2315 sub
1372 2266 1467 2315 dio
1508 2266 1865 2333 refrigerant.

269 2333 488 2385 Bibitur
520 2338 704 2383 autem
747 2333 1125 2385 efficacissime
1152 2332 1385 2383 heminis
1424 2348 1523 2399 per
1561 2334 1869 2387 intervalla

265 2403 519 2469 singulis,
561 2401 750 2453 diebus
775 2404 984 2468 quinis:
1024 2402 1220 2453 melius
1244 2418 1277 2451 a
1300 2410 1430 2467 potu
1453 2404 1683 2468 gestari.
1759 2404 1869 2457 Da·

267 2474 362 2517 tur
388 2470 780 2527 comitialibus,
823 2470 1257 2532 melancholicis,
1305 2471 1657 2537 paralyticis,
1698 2472 1759 2521 in
1788 2473 1869 2524 le·

268 2534 403 2599 pris,
429 2536 806 2599 elephantiasi,
826 2539 1215 2591 articularibus
1238 2541 1460 2591 morbis.

339 2598 652 2651 Infunditur
681 2620 892 2670 quoque
927 2608 1015 2657 lac
1045 2615 1239 2659 contra
1269 2610 1519 2659 rosiones
1551 2622 1585 2657 a
1616 2608 1867 2661 mediea-

271 2667 474 2717 mentis
497 2666 693 2719 factas.
750 2675 822 2723 Et
845 2676 892 2725 si
913 2682 1037 2727 urat
1058 2676 1401 2743 dysenteria,
1422 2677 1720 2729 decoctum
1740 2692 1867 2729 cum
