2033 3044
303 177 375 232 96
692 177 758 228 C.
814 175 1086 228 Pmml
1142 173 1511 228 secum„

306 279 554 354 pondero
569 279 630 332 ia
653 277 872 350 cyathis
893 279 1005 330 vini
1024 279 1224 332 tribus.
1281 281 1435 344 Quae
1454 294 1531 333 ex
1546 291 1725 347 supra
1745 275 1919 330 dietis

307 351 493 406 calida
531 358 850 415 sumentur,
911 349 1051 403 haec
1091 349 1367 402 candente
1408 349 1565 403 ferro
1604 351 1920 418 temperari

307 438 342 475 a
379 423 490 473 tius
511 423 636 472 erit.

341 435 429 544 PE
453 490 674 544 diverso
703 494 906 557 purgat
937 487 1122 540 alvum
1158 504 1357 541 succus
1388 489 1659 540 centaurii
1678 488 1918 542 minoris

311 559 577 614 drachma
596 561 652 611 in
680 559 901 612 hemina
917 573 1099 626 aquae
1120 573 1246 610 cam
1274 561 1474 627 exiguo
1509 559 1647 611 salis
1672 565 1733 612 et
1750 565 1919 623 escen,

305 632 592 700 bilemque
632 627 894 680 detrahit.
973 627 1200 681 Maiore
1234 629 1483 680 tormina
1520 629 1912 682 discutiuntur.

310 701 614 757 Vettonica
633 700 820 751 alvum
843 697 1015 750 solvit
1034 697 1317 750 drachmis
1332 707 1601 764 quatuor,
1624 701 1681 751 in
1702 697 1912 768 hydro·

310 772 521 828 melitis
541 769 761 840 cyathis
783 783 999 820 novem.
1070 767 1208 820 Item
1235 767 1631 834 euphorbium,
1672 770 1766 820 vel
1790 784 1915 836 aga·

307 844 484 896 ricum
498 877 515 904 ‚
553 839 830 894 drachmis
849 839 1067 890 duabus
1090 853 1211 889 cum
1240 839 1359 890 sale
1382 839 1602 890 modico
1624 846 1825 907 potum
1849 854 1914 890 ex

312 928 474 984 aqua,
495 911 671 963 autin
693 909 874 961 mulso
899 909 1081 961 obolis
1103 909 1305 959 trihus.
1364 907 1547 960 Solvit
1564 915 1628 962 et
1653 909 1916 980 cyclami-

313 999 414 1037 nos
441 997 508 1036 ex
530 997 676 1048 aqua
693 986 850 1048 pota,
864 984 962 1030 aut
983 978 1203 1032 balanis
1220 977 1487 1031 subditis=
1508 979 1644 1030 item
1660 979 1915 1032 chamae·

315 1054 451 1107 cissi
471 1053 722 1104 balanus.
802 1051 850 1100 H
857 1050 1057 1118 yssopi
1082 1049 1399 1116 manipulus
1420 1048 1685 1100 decoctus
1718 1049 1789 1100 ad
1810 1055 1914 1100 ter-

312 1125 424 1178 tias
468 1135 588 1174 cum
627 1120 763 1183 sale,
805 1121 1041 1187 pituitas
1076 1116 1254 1170 trahit
1280 1118 1483 1180 illitus,
1522 1119 1615 1170 vel
1638 1119 1914 1171 contritus

319 1210 440 1247 cum
479 1190 784 1260 oxymelite
818 1197 873 1240 et
900 1191 1045 1242 sale:
1086 1186 1357 1256 pellitque
1386 1189 1598 1239 ventris
1632 1189 1917 1241 animalia.

315 1264 580 1316 pituitam
605 1267 662 1312 et
681 1259 850 1311 bilem
873 1258 1127 1311 detrahit
1146 1257 1453 1325 peucedani
1475 1257 1656 1313 radix.

385 1327 613 1383 XXXV.
655 1324 736 1380 11.
763 1329 960 1380 Alvum
985 1335 1187 1396 purgat
1212 1327 1487 1396 anag-allis
1516 1343 1585 1380 ex
1606 1343 1755 1398 aqua
1773 1327 1919 1380 mul-

317 1417 405 1455 sa:
449 1403 582 1453 item
609 1396 954 1466 epithymon,
998 1399 1090 1469 qui
1114 1405 1199 1450 est
1221 1395 1324 1449 flos
1348 1414 1378 1450 e
1399 1396 1613 1466 thymo,
1636 1400 1924 1450 satureiae

317 1471 506 1526 simili.
570 1467 918 1533 Differentia‚
942 1467 1090 1539 quod
1116 1468 1205 1520 hic
1227 1465 1533 1520 herbaceus
1558 1474 1663 1532 est,
1686 1469 1929 1520 alterius

317 1544 376 1597 th
426 1542 499 1593 mi
521 1541 711 1592 albus=
753 1538 978 1607 quidam
1003 1537 1357 1607 hippopheon
1378 1546 1603 1591 vocant:
1627 1538 1925 1591 stomacho

319 1558 503 1666 matius
527 1610 698 1673 utilis,
739 1610 1074 1662 vomitiones
1090 1612 1274 1660 minus
1297 1616 1509 1660 movet:
1552 1611 1652 1661 sed
1674 1609 1929 1660 tormina

319 1691 380 1739 et
402 1680 716 1736 inflationes
741 1680 987 1735 discutit.
1060 1678 1309 1731 Sumitur
1332 1678 1398 1730 et‘
1410 1679 1715 1747 ecligmate
1736 1679 1807 1731 ad
1832 1696 1929 1747 pe·

323 1754 496 1809 ctoris
515 1752 662 1803 vitia
683 1764 804 1803 cum
829 1750 997 1803 melle
1013 1788 1031 1815 ,
1073 1754 1128 1801 et
1146 1748 1451 1819 aliquando
1486 1748 1653 1801 iride.
1729 1749 1929 1803 Alvum

321 1824 512 1887 solvit,
531 1838 566 1874 a
588 1829 824 1892 quatuor
846 1818 1119 1873 drachmis
1149 1818 1219 1870 ad
1242 1834 1341 1872 sex
1362 1835 1485 1872 cum
1506 1819 1697 1873 mellis
1722 1820 1931 1889 exiguo

323 1895 566 1963 salisque
591 1898 649 1945 et
672 1891 832 1944 aceti,
876 1888 1115 1955 Quidam
1139 1888 1307 1941 aliter
1328 1886 1673 1959 epithymum
1694 1890 1933 1945 tradunt

325 1966 442 2020 sine
463 1962 654 2017 radice
675 1963 844 2025 nasci,
859 1966 1047 2023 tenue,
1060 1958 1426 2013 similitudine
1440 1959 1675 2026 pallioli,
1690 1960 1933 2013 rubens:

325 2034 520 2089 siccari
539 2033 597 2084 in
622 2034 847 2093 umbra,
891 2031 1006 2083 bibi
1028 2046 1095 2083 ex
1120 2044 1260 2099 aqua
1281 2029 1561 2083 acetabuli
1583 2038 1747 2097 parte
1770 2030 1933 2083 dimi-

327 2106 438 2167 dia,
478 2100 771 2157 detrahere
809 2100 1071 2169 pituitam
1112 2100 1412 2169 bilemque.
1485 2100 1685 2153 Alvum
1725 2100 1937 2155 leniter

329 2176 499 2235 solvit
521 2180 577 2226 et
597 2169 908 2241 nymphaea
926 2173 984 2222 in
1004 2172 1133 2223 vino
1156 2176 1401 2224 austero.

399 2242 657 2297 xxxvl.
695 2238 779 2293 12.
801 2240 984 2295 Solvit
1018 2246 1075 2292 et
1104 2254 1516 2311 pycnocomon,
1558 2252 1762 2293 erucae
1784 2239 1940 2295 foliis

333 2314 718 2373 crassioribus,
741 2318 798 2364 et
822 2309 1156 2374 acrioribus,
1180 2310 1365 2363 radice
1386 2309 1642 2373 rotunda,
1679 2310 1827 2364 lutei
1848 2329 1939 2363 cu·

333 2384 491 2448 loris,
514 2391 722 2437 terram
747 2382 950 2446 olente,
979 2382 1137 2435 caule
1158 2379 1557 2449 quadrangulo,
1582 2380 1831 2445 modico,
1856 2388 1942 2436 te·

335 2456 448 2515 nui,
479 2452 618 2508 flore
643 2453 825 2507 ocimi.
897 2453 1182 2505 invenitur
1201 2452 1259 2517 in
1280 2451 1496 2503 saxosis
1516 2450 1677 2503 locis.
1756 2452 1948 2505 Radix

338 2526 459 2577 cius
477 2525 535 2576 in
561 2540 705 2591 aqua
725 2524 903 2576 mulsa
924 2516 1277 2576 denariorum
1302 2520 1469 2575 duum
1494 2520 1763 2591 pondere,
1787 2528 1852 2575 et
1873 2523 1949 2576 al·

339 2607 485 2655 vum,
507 2600 562 2644 et
585 2593 774 2658 bilem,
799 2602 856 2649 et
875 2594 1136 2664 pituitam
1160 2591 1427 2645 exinanit.
1500 2590 1695 2645 Semen
1722 2594 1949 2645 somnia

341 2662 684 2714 tumultuosa
706 2664 870 2729 facit,
909 2680 1022 2719 una
1044 2659 1309 2717 drachma
1348 2662 1407 2717 in
1428 2662 1558 2715 vino
1578 2668 1795 2731 potum.
1882 2663 1948 2715 Et

344 2746 517 2801 panos
543 2730 792 2786 discutit.

1081 2858 1131 2871 σι-
