2033 3044
359 189 464 246 206
797 194 856 244 C.
911 191 1184 244 PLlNlI
1236 188 1601 242 sEanm

365 309 518 348 mare
537 295 804 362 nigroque
827 309 924 345 cor
945 294 1218 346 edendum
1232 310 1353 345 cum
1372 309 1513 361 pane
1533 295 1637 346 sub
1659 293 1758 346 dio
1777 296 1960 362 prims

364 371 462 419 aut
479 364 722 417 secunda
747 364 904 415 Luna
926 365 1287 432 praecipiant.
1358 365 1464 415 Alii
1486 379 1711 416 carnem
1725 401 1747 427 ,
1786 365 1965 432 aliqui

363 435 688 502 sanguinem
731 442 888 486 aceto
933 435 1165 486 dilutum
1212 449 1311 500 per
1334 433 1453 486 dies
1494 434 1598 485 XL
1636 433 1962 487 bibendum.

365 504 604 566 Quidam
625 505 842 554 urinam
867 505 996 572 equi
1016 517 1197 573 aquae
1219 503 1489 556 ferrariae
1510 519 1582 556 ex
1604 504 1847 556 officinis
1866 506 1965 554 mi-

351 581 538 637 .scent‚
579 573 882 642 eademque
915 575 1143 640 potione
1172 579 1231 625 et
1253 573 1611 642 lymphaticis
1646 575 1947 626 medentur

367 644 754 696 Comitialibus
778 645 938 694 datur
960 650 1018 694 et
1038 644 1204 695 lact-is
1226 644 1411 710 equini
1435 651 1621 710 potus,
1664 644 1961 710 lichenque

365 713 421 766 in
445 721 606 766 aceto
625 714 805 765 mulso
827 714 1113 765 bibendus.
1160 713 1383 764 Dantur
1406 720 1462 764 et
1486 727 1682 766 carnes
1704 717 1961 780 caprinae

364 785 423 835 iu
443 798 580 850 rogo
601 783 841 834 hominis
863 790 1067 846 tostae,
1088 789 1153 834 ut
1172 783 1373 834 volunt
1391 782 1564 850 Magi.
1638 783 1839 836 Sevum
1862 799 1955 834 ea-

363 869 488 905 rum
509 868 630 904 cum
653 851 789 905 felle
811 853 1029 904 taurino
1053 855 1173 920 pari
1194 852 1439 919 pondere
1462 853 1781 916 decoctum,
1822 859 1881 906 et
1898 853 1955 902 in

363 922 616 976 folliculo
651 921 802 974 fellis
834 923 1198 985 reconditum,
1242 922 1324 975 ita
1359 937 1427 973 ne
1464 929 1677 974 terram
1702 922 1953 991 attingat,

363 999 556 1059 potum
591 1007 720 1044 vero
765 1007 834 1043 ex
856 1007 1002 1059 aqua
1022 993 1273 1044 sublime.
1346 992 1608 1044 Morbum
1645 993 1829 1058 ipsum
1869 993 1954 1042 de-

365 1061 658 1130 prehendit
677 1062 884 1128 caprini
911 1077 1108 1114 cornus
1137 1060 1223 1112 vel
1256 1061 1465 1112 cervini
1486 1063 1601 1114 usti
1624 1063 1802 1113 nidor.
1876 1061 1953 1112 Si·

364 1132 572 1184 dei-atis
595 1132 754 1184 urina
775 1132 914 1198 pulli
934 1132 1136 1184 asinini
1150 1130 1319 1182 nardo
1332 1131 1583 1184 admixto
1597 1133 1953 1198 perunctione

360 1201 624 1269 prodesse
660 1202 884 1253 dicitur.

431 1267 627 1320 LXIV.
664 1270 840 1336 Regio
862 1271 1055 1322 morbo
1078 1284 1279 1321 cornus
1302 1268 1511 1320 cervini
1530 1268 1700 1320 cinis:
1732 1268 1950 1335 sanguis

361 1337 559 1388 asinini
579 1338 712 1403 pulli
733 1353 802 1389 ex
817 1340 966 1390 vino.
1040 1340 1176 1391 Item
1204 1339 1387 1390 limum
1412 1338 1619 1390 asinini
1641 1337 1794 1405 pulli,
1810 1339 1949 1404 quod

362 1407 598 1474 primum
613 1407 802 1458 edidit
823 1423 857 1457 a
880 1413 1040 1473 partu
1058 1447 1073 1472 ‚
1120 1410 1307 1461 dutum
1326 1409 1491 1460 fabae
1526 1409 1905 1474 magnitudine
1922 1423 1949 1459 e

359 1477 490 1528 vino
511 1476 763 1529 medetur
782 1479 928 1530 intra
949 1478 1095 1531 diem
1119 1481 1363 1531 tertium.
1399 1477 1614 1531 Eadem
1635 1485 1695 1531 et
1716 1492 1783 1531 ex
1801 1478 1947 1547 equi-

363 1562 432 1599 no
452 1548 604 1614 pullo
625 1548 988 1617 similiterque
1006 1550 1089 1599 vis
1111 1556 1212 1601 est.

428 1616 600 1669 LXV.
637 1618 858 1670 Fractis
888 1618 1104 1670 ossibus
1140 1622 1571 1685 praesentaneus
1602 1616 1943 1669 maxillarum

362 1687 483 1755 apri
512 1688 648 1739 cinis
677 1689 768 1741 vel
795 1688 926 1739 suis.
998 1688 1137 1738 Item
1165 1689 1381 1740 lardum
1416 1688 1627 1739 elixum
1661 1696 1829 1755 atque
1849 1688 1943 1737 cir-
2003 1712 2004 1733 ÷

363 1757 723 1827 cumligatum
753 1760 894 1809 mira
915 1757 1201 1810 celeritate
1226 1758 1453 1811 solidat.
1528 1757 1713 1809 Costis
1734 1758 1942 1823 quidem

362 1828 560 1881 fractis
583 1828 840 1880 laudatur
871 1828 1033 1880 unice
1065 1829 1349 1893 caprinum
1382 1828 1573 1879 fimum
1613 1842 1687 1879 ex
1714 1828 1845 1877 vino
1866 1840 1945 1874 re·

362 1906 508 1952 tere:
551 1900 748 1965 aperit,
770 1896 1028 1960 extrahit,
1051 1903 1331 1963 persanat.

432 1968 628 2021 LXVI.
665 1968 872 2019 Febres
903 1975 1056 2019 arcet
1089 1982 1369 2019 cervorum
1402 1980 1563 2028 caro,
1606 1973 1671 2018 ut
1702 1963 1946 2016 diximus.
2003 1998 2004 2005 κ

363 2038 474 2088 Eas
499 2036 716 2103 quidem
741 2052 880 2103 quae
901 2043 1051 2089 certo
1074 2036 1285 2087 dierum
1308 2050 1539 2087 numero
1560 2038 1816 2097 redeunt,
1828 2049 1948 2085 ocu-

363 2109 450 2159 lus
487 2106 606 2173 lupi
649 2107 846 2159 dexter
887 2106 1065 2158 salsus
1097 2107 1560 2175 adalligataeque,
1602 2108 1653 2157 si
1684 2104 1951 2157 credimus

359 2176 562 2245 Magis.
633 2177 737 2228 Est
774 2191 946 2245 genus
989 2176 1227 2228 febrium
1249 2211 1266 2237 ‚
1312 2177 1456 2243 quod
1500 2174 1945 2241 amphemerinon

361 2252 580 2299 vocant.
653 2248 778 2298 Hoc
799 2246 1027 2297 liberari
1060 2246 1304 2308 tradunt,
1348 2247 1395 2296 si
1424 2245 1548 2311 quis
1581 2260 1614 2296 e
1645 2260 1790 2297 vena
1809 2244 1949 2296 auris

363 2318 503 2368 asini
525 2324 644 2368 tres
663 2321 853 2385 guttas
874 2316 1159 2384 sanguinis
1182 2317 1239 2367 in
1284 2314 1495 2367 duabus
1516 2312 1765 2366 heminis
1787 2326 1949 2382 aquae

361 2383 626 2437 hauserit.
699 2386 1001 2449 quartanis
1028 2387 1180 2453 Magi
1202 2390 1554 2437 excrementa
1574 2382 1708 2435 felis
1730 2398 1855 2435 cum
1876 2382 1947 2432 di-

359 2455 480 2519 gito
501 2455 737 2506 bubonis
771 2454 1069 2523 adalligari
1101 2455 1311 2517 iubent,
1352 2459 1411 2506 et
1438 2468 1508 2506 ne
1540 2452 1813 2516 recidant,
1852 2466 1951 2503 non

362 2525 633 2573 removeri
655 2528 882 2589 septeno
907 2527 1160 2576 circuito.
1232 2522 1517 2587 Quis-hoc,
1540 2536 1767 2589 quaeso,
1806 2522 1947 2573 inve·

361 2585 478 2663 nire
519 2592 736 2651 potuit'ss
773 2606 978 2657 quaeve
1024 2599 1111 2645 est
1146 2592 1261 2644 ista
1298 2592 1574 2645 mixtura!
1611 2606 1709 2642 cur
1751 2591 1947 2659 digitus

361 2655 706 2713 potissimum
730 2660 966 2713 bubonis
989 2664 1199 2715 electus
1220 2662 1340 2714 esti
1408 2661 1788 2714 Modestiores
1808 2662 1949 2714 iecur

361 2714 492 2768 felis
512 2719 868 2781 decrescente
887 2729 1051 2783 Luna
1073 2732 1291 2787 occisae
1314 2733 1682 2786 inveteratum
1702 2730 1849 2797 sale,
1892 2742 1949 2782 ex
