2033 3044
315 178 384 232 ⁷0
708 176 767 229 C.
823 169 1103 229 P‘L-INH
1148 174 1529 228 SECUNDI

316 278 408 332 tra
436 294 644 347 angues
673 282 820 332 succi
843 268 1351 347 draclima¹lnvinm
1400 275 1629 339 Mirum,
1656 278 1832 345 quod
1859 296 1959 347 pe-

317 364 450 402 cora
469 348 726 400 feminam
746 350 938 402 vitant.
973 350 1047 399 At
1065 350 1111 399 si
1136 345 1369 415 decepta
1390 346 1788 402 similitudine
1816 352 1957 412 (flo-

315 434 376 471 re
399 420 542 471 enim
568 426 781 470 tantum
827 418 1063 479 distant)
1106 416 1484 485 degustavere,
1526 420 1734 469 statim
1790 434 1955 483 eam,

317 504 458 556 quae
479 488 636 554 asyla
657 486 984 554 appellatur,
1008 490 1063 537 in
1085 486 1327 539 remedio
1352 494 1625 553 quaerunt
1643 506 1659 538 x
1684 503 1765 539 ea
1788 504 1831 539 a
1846 506 1953 541 no-

317 562 450 610 stris
484 557 634 610 ferus
659 558 848 608 oculus
869 562 1117 607 vocatur.
1165 555 1519 622 Praecipiunt
1540 556 1729 623 aliqui
1754 558 1951 611 effos-

319 629 479 689 suris,
513 634 642 678 ante
665 625 812 677 Solis
837 622 1039 686 ortum,
1070 624 1389 693 priusquam
1420 624 1733 692 quidquam
1774 629 1949 680 aliud

320 696 630 765 loquantur,
670 700 760 746 ter
779 696 1024 747 salutare
1056 710 1173 745 eam
1237 700 1355 745 tum
1396 694 1681 745 sublatam
1733 699 1949 765 expri·
2021 696 2022 713 ³

321 780 500 818 mere:
522 766 606 817 ita
623 765 954 830 praecipuas
974 779 1095 815 esse
1118 731 1283 837 vii‘es.
1354 762 1439 815 De
1461 762 1781 830 euphorbii
1806 783 1945 819 suc-

319 848 383 887 co
406 836 544 886 satis
570 835 776 886 dictum
799 845 900 885 est.
969 832 1336 901 Lippitudini‘,
1358 834 1408 884 si
1426 840 1609 885 tumor
1635 835 1787 898 erit,
1836 838 1945 889 ab·

319 904 582 955 cinthium
609 918 729 954 cum
751 902 916 954 melle
945 903 1159 965 tritum,
1198 903 1441 971 itemque
1466 904 1833 959 vettonicae
1858 906 1951 959 fa-

318 975 445 1025 rina
467 975 776 1024 conveniet.

387 1042 578 1095 xcul.
615 1044 667 1094 2.
702 1040 998 1109 Aegilopas
1040 1046 1202 1092 sanat
1240 1039 1411 1092 herba
1452 1042 1648 1093 eodem
1674 1045 1951 1109 nomine,

323 1126 460 1179 quae
481 1114 538 1163 in
559 1112 770 1163 hordeo
796 1112 1059 1173 nascitur,
1078 1109 1250 1160 tritici
1273 1108 1431 1171 folio,
1444 1111 1655 1162 semine
1670 1119 1949 1166 contrito

323 1195 444 1231 cum
467 1179 648 1233 farina
670 1181 942 1246 permixta
961 1182 1349 1247 impositaque,
1368 1180 1455 1230 vel
1479 1195 1669 1233 succo.
1725 1184 1950 1251 Expri-

317 1250 493 1299 mitur
512 1249 602 1300 hic
627 1266 657 1301 e
681 1252 834 1301 caule
850 1249 1111 1315 foliisque
1133 1248 1579 1316 praegnantibuS,
1598 1248 1816 1305 demta
1836 1256 1953 1322 spi·

322 1330 402 1379 ca,
425 1323 482 1368 et
506 1320 558 1368 in
583 1319 853 1369 trimestri
874 1318 1057 1383 farina
1080 1317 1353 1383 digeritur
1374 1320 1429 1368 in
1458 1319 1746 1384 pastillos.

392 1386 580 1450 xciv.
601 1386 649 1439 3.
686 1387 872 1454 Aliqui
897 1393 953 1437 et
977 1387 1347 1454 mandragora
1365 1388 1700 1443 utebantur:
1724 1399 1953 1457 postea

323 1455 612 1507 abdicatus
651 1458 707 1507 in
747 1455 848 1507 hac
891 1456 1181 1507 curatione
1225 1462 1328 1507 est.
1398 1456 1705 1526 Epiphoris
1754 1463 1953 1530 (quod

323 1534 535 1578 certum
559 1527 666 1591 est)
688 1527 954 1588 medetur,
978 1534 1035 1579 et
1059 1527 1343 1578 oculorum
1366 1525 1563 1590 dolori,
1602 1530 1779 1583 radix
1808 1539 1955 1586 tusa

327 1610 448 1648 cum
473 1611 701 1648 rosaceo
729 1604 783 1648 et
804 1597 954 1647 vino.
1027 1593 1167 1649 Nam
1194 1611 1388 1647 succus
1411 1597 1601 1649 multis
1622 1600 1949 1655 oculorum

323 1663 742 1718 medicamentis
783 1667 1068 1717 miscetur.
1140 1665 1571 1734 Mandragoram
1588 1704 1605 1731 ,
1666 1668 1778 1721 alii
1827 1673 1953 1724 Cir·

327 1751 518 1789 caeum
559 1741 777 1788 vocant.
850 1735 976 1786 Duo
1001 1737 1119 1792 eius
1145 1749 1373 1802 genera:
1418 1736 1711 1801 candidus,
1754 1742 1869 1806 qui
1892 1750 1955 1793 et

327 1821 474 1859 masz
519 1807 693 1874 niger,
738 1806 826 1873 qui
856 1805 1061 1856 femina
1080 1805 1456 1868 existimatur,
1496 1809 1952 1875 angustioribus

327 1877 493 1940 foliis,
517 1892 677 1945 quam
702 1876 973 1936 lactucae,
997 1873 1228 1928 hirsutis
1252 1880 1309 1928 et
1330 1875 1595 1938 caulibus,
1633 1878 1953 1932 radicibus
2023 1895 2024 1952 ᾖ

326 1947 474 1999 binis
519 1949 756 1997 ternisve
776 1944 993 2004 rutulis,
1034 1944 1183 1999 intus
1216 1943 1375 2008 albis,
1417 1946 1669 1998 carnosis
1694 1951 1955 2002 teneris·
2023 1959 2024 1966 ’

329 2030 454 2083 que,
497 2029 668 2080 paene
711 2014 1061 2065 cubitalibus.
1134 2013 1345 2066 Ferunt
1374 2014 1518 2066 mala
1540 2016 1953 2070 avellanarum
2023 2013 2024 2078 ἶ

329 2099 524 2135 nucum
561 2084 963 2150 magnitudine,
1009 2088 1065 2133 et
1102 2082 1162 2132 in
1207 2081 1296 2134 his
1318 2099 1501 2137 semen
1523 2100 1623 2137 ceu
1647 2086 1950 2152 pirorum.

330 2153 525 2206 Album
547 2151 656 2204 hoc
677 2152 772 2202 alii
795 2167 1010 2211 arsena,
1054 2151 1153 2203 alii
1184 2154 1419 2214 morion,
1466 2154 1563 2205 alii
1586 2151 1949 2222 hippophlo-
2023 2167 2024 2174 ’

331 2237 460 2274 mon
480 2227 698 2274 vocant.
769 2221 950 2273 Huius
972 2220 1111 2272 folia
1132 2220 1278 2282 alba,
1311 2215 1471 2289 quar'n
1495 2225 1736 2276 alterius
1759 2226 1951 2278 latio·
2023 2249 2024 2252 ¹

331 2308 413 2355 ra,
433 2298 497 2343 ut
514 2289 726 2360 lapathi
750 2291 976 2343 sativae.
1050 2289 1264 2343 cavent
1297 2291 1551 2343 effossuri
1582 2297 1952 2348 contrarium

331 2371 586 2425 ventum,
629 2370 686 2411 et
721 2360 901 2411 tribus
942 2359 1166 2411 circulis
1190 2367 1323 2413 ante
1345 2361 1537 2430 gladio
1576 2363 1953 2418 circumscri-

338 2436 471 2480 ount
494 2449 506 2480 ι
550 2435 745 2496 postea
778 2429 1000 2481 fodiunt
1021 2430 1090 2480 ad
1114 2443 1365 2481 occasum
1389 2437 1724 2499 spectantes.
1800 2433 1953 2488 Suc-

337 2513 434 2546 cus
455 2499 518 2546 fit
542 2507 598 2548 et
619 2515 650 2550 e
672 2499 848 2560 malis,
871 2508 928 2551 et
950 2499 1125 2560 caule,
1148 2495 1332 2552 deciso
1357 2501 1657 2563 cacumine,
1700 2507 1763 2553 et
1783 2506 1954 2557 radi·

325 2569 402 2613 ‘ce
427 2568 644 2628 punctis
687 2574 896 2633 aperta,
935 2576 1033 2620 aut
1067 2566 1321 2620 decocta:
1361 2569 1513 2636 utilis
1535 2568 1675 2622 haec
1699 2571 1792 2623 vel
1821 2589 1954 2627 sur·

323 2631 485 2681 culo.
557 2635 788 2686 concisa
809 2651 1029 2704 quoque
1050 2635 1107 2686 in
1126 2635 1413 2692 orbiculos·
1427 2646 1678 2690 servatur
1698 2639 1761 2690 in
1784 2645 1951 2695 vino.

344 2697 552 2751 Saccus
591 2715 699 2751 non
725 2704 928 2770 ubique
948 2703 1252 2769 invenitur,
1293 2706 1390 2759 sed
1412 2707 1505 2760 ubi
1527 2714 1737 2776 potest,
1780 2712 1951 2766 circa
