2033 3044
255 142 553 196 NAQPUR
590 141 938 195 HISTOR.
971 143 1133 195 ·.LIB
1176 145 1405 198 XXlV.
1434 144 1534 197 61-
1545 147 1630 199 67.
1702 146 1771 200 25

181 260 250 297 ac
273 246 472 297 vitium.
543 244 773 297 Siccant
792 245 974 299 illitae
1005 252 1061 297 et
1094 247 1471 315 adstringunt.
1506 264 1575 301 ex
1609 255 1772 303 aceto

180 329 313 367 vero
334 314 624 365 infantium
648 311 893 365 lichenas
915 323 1131 367 sanant.
1183 316 1427 368 Prosunt
1448 324 1503 368 et
1523 318 1660 369 tussi
1682 334 1771 371 ve-

177 384 307 446 teri,
339 391 576 449 quatuor
613 384 793 434 obolis
825 384 879 432 in
899 384 1101 442 mixto
1148 386 1309 457 potis.
1382 387 1692 438 creduntur
1712 393 1771 439 ct

180 452 418 513 colerem
441 454 750 521 gratiorem
773 450 972 515 facere,
1003 452 1358 520 ciborumque
1379 457 1768 519 appetentiam,

177 528 238 573 et
257 522 548 583 calculosis
574 520 856 587 prodesse
866 537 985 581 cuni
1003 538 1177 587 passo
1212 530 1397 591 potae.
1470 524 1767 577 Oculorum

177 597 234 643 et
254 578 536 644 vulnerum
569 589 902 641 utilitatibus
927 592 1163 643 maxime
1184 591 1532 645 conveniunt.

245 658 414 712 LXV.
452 650 660 725 Spinae
680 660 1009 727 Aegyptiae,
1043 661 1157 712 sive
1182 661 1466 721 Arabicae,
1492 660 1725 711 laudes
1710 678 1765 711 ιιι

176 728 408 781 odorum
428 729 558 779 loco
582 728 849 779 diximus:
875 734 932 779 et
953 728 1077 793 ipsa
1094 731 1302 795 spissat
1324 729 1664 797 stringitque
1688 730 1768 780 di·

173 797 511 859 stillationes
533 811 743 857 onmes,
768 804 826 847 et
845 798 1127 863 sauguinis
1154 804 1581 860 exscreationes,
1625 814 1767 851 men-

175 866 424 932 siumque
453 866 868 926 abundantiam,
907 866 1203 917 etiamnum
1230 868 1413 919 radice
1438 868 1730 921 valentior.

241 933 441 987 LXVI.
480 934 690 999 Spinae
711 934 875 985 albae
895 950 1078 987 semen
1100 942 1301 987 contra
1332 938 1655 1001 scorpiones
1676 952 1767 989 au·

172 1003 422 1055 xiliatur.
470 1005 692 1055 Corona
717 1018 784 1054 ex
805 1018 874 1053 ea
892 1004 1170 1070 imposita,
1194 1005 1391 1069 capitis
1416 1006 1641 1057 dolores
1664 1006 1763 1055 mi-

173 1073 311 1125 nuit.
384 1073 533 1123 Huic
555 1071 752 1123 similis
773 1078 858 1121 est
875 1072 1037 1138 spina
1058 1074 1171 1135 illa,
1206 1089 1366 1140 quam
1389 1073 1589 1125 Graeci
1609 1089 1766 1125 acan-

172 1141 328 1193 thion
350 1148 572 1203 vocant,
614 1141 922 1191 minoribus
957 1144 1131 1195 multo
1173 1141 1347 1203 foliis,
1380 1144 1643 1195 aculeatis
1667 1157 1767 1209 per

169 1214 648 1273 extremitates‚et
661 1224 933 1268 araneosa
949 1210 1211 1277 lanugine
1226 1210 1505 1264 obductis.
1493 1230 1505 1241 ·
1528 1227 1637 1279 qua
1658 1213 1769 1263 col·

169 1279 336 1341 lecta,
354 1280 522 1331 etiam
545 1284 726 1339 vestes
747 1280 1016 1345 quaedam
1040 1282 1380 1347 bombycinis
1394 1281 1605 1335 similes
1627 1282 1768 1333 fiunt

170 1348 497 1401 inOricnte
571 1349 702 1413 Ipsa
740 1347 879 1402 folia
916 1350 1006 1401 vel
1046 1348 1261 1405 radi-ces
1282 1350 1353 1401 ad
1387 1351 1631 1405 cenredia
1651 1350 1767 1417 opi·

170 1416 424 1471 sthotoni
447 1419 724 1469 bibuntur.

239 1486 464 1541 van.
505 1486 612 1539 Est
625 1492 686 1540 et
707 1488 894 1538 acacia
914 1502 944 1539 e
967 1488 1143 1554 spina-
1214 1489 1347 1542 Fit
1330 1506 1386 1540 ιιι
1409 1490 1667 1558 Aegypto
1689 1488 1767 1540 al·

171 1556 246 1608 ba
277 1557 550 1624 nigraque
583 1557 812 1616 arbone,
851 1558 984 1608 item
1018 1558 1202 1618 viridi,
1240 1561 1335 1610 sod
1362 1560 1535 1626 longe
1566 1559 1769 1614 melior

171 1643 201 1677 e
224 1626 532 1691 prioribus.
605 1625 695 1675 Fit
719 1632 773 1676 et
795 1628 848 1684 in
871 1626 1098 1679 Galatia
1117 1629 1431 1688 tenerrima,
1454 1627 1773 1693 spinosiore

169 1696 390 1747 arbore.
461 1693 664 1752 Semen
697 1697 938 1749 omnium
979 1695 1277 1746 lenticulae
1300 1697 1514 1746 simile.
1555 1697 1770 1748 minore

171 1769 258 1815 est
295 1769 516 1815 tantum
557 1770 614 1813 et
645 1777 816 1828 grano
851 1761 908 1814 'et
929 1761 1201 1814 folliculo.
1274 1763 1573 1827 Colligitur
1608 1768 1769 1815 autu·

171 1845 333 1884 tnnc:
355 1839 486 1884 ante
508 1831 800 1884 collectum
828 1833 1000 1882 nimio
1027 1829 1281 1885 validius.
1340 1829 1625 1895 Spissatur
1646 1845 1765 1880 suc-

171 1917 270 1952 cus
311 1917 376 1952 ex
421 1899 695 1952 folliculis
716 1916 858 1966 aqua
881 1900 1117 1956 caelesti,
1133 1899 1386 1964 perfusis:
1430 1914 1557 1950 mox
1580 1900 1637 1949 in
1661 1899 1775 1964 pila

173 1971 320 2022 tusis
341 1971 674 2035 exprimitur
692 1972 942 2035 organis:
963 1976 1099 2020 tunc
1122 1969 1383 2026 densatur
1405 1969 1459 2019 in
1482 1967 1611 2020 Sole
1635 1982 1776 2018 mor-

173 2039 336 2091 tariis
360 2039 418 2089 in
443 2039 718 2104 pastillos.
770 2038 863 2089 Fit
885 2045 942 2090 et
961 2053 1030 2089 ex
1054 2035 1209 2092 foliis
1234 2037 1412 2091 minus
1436 2036 1645 2091 efficax.
1692 2035 1773 2088 Ad

176 2110 331 2160 coria
352 2107 692 2174 perficienda
713 2109 920 2158 semine
954 2120 1055 2173 pro
1090 2105 1243 2173 galla
1264 2112 1507 2161 utuntur.
1581 2105 1777 2159 ‚Folio-

175 2191 296 2228 rum
332 2191 534 2228 succus
554 2181 612 2226 et
634 2175 924 2228 Galaticae
959 2175 1181 2229 acaciae
1205 2175 1537 2241 nigerrimus
1573 2175 1778 2239 impro-

177 2245 371 2298 hatur:
421 2248 558 2308 item
607 2247 700 2310 qui
730 2245 892 2299 valde
915 2243 1089 2299 rufus.
1162 2244 1451 2310 Purpurea
1472 2248 1573 2296 aut
1592 2243 1778 2298 leuco·

179 2313 386 2382 phaea,
417 2319 478 2366 et
497 2328 648 2378 quae
671 2311 934 2366 facillime
953 2313 1210 2374 diluitur,
1230 2315 1289 2364 vi
1309 2329 1527 2364 summa
1548 2311 1620 2362 ad
1640 2312 1778 2378 spis·

181 2383 412 2437 :andum
426 2379 996 2448 refrigerandumque
999 2387 1105 2440 est,
1120 2382 1404 2434 oculorum
1423 2381 1783 2435 medicamen·

182 2452 255 2502 tis
277 2457 410 2502 ante
431 2451 574 2502 alias
595 2451 782 2501 utiles.
820 2451 868 2502 Ῑ
871 2455 1108 2502 arantur
1126 2451 1185 2500 in
1206 2466 1305 2502 eos
1328 2467 1471 2501 usus
1481 2450 1692 2517 pastilli
1710 2450 1783 2501 ab

183 2521 322 2584 aliis,
341 2525 635 2582 torrentur
653 2519 722 2570 ab
747 2519 896 2571 aliis.
969 2517 1242 2582 Capillum
1268 2521 1503 2586 tingunt.
1576 2519 1787 2574 Sanant

183 2589 362 2671 ignem
383 2603 630 2648 sacrum,
665 2586 890 2641 hulcera
921 2602 1067 2654 quae
1088 2597 1335 2653 serpunt,
1371 2595 1427 2641 et
1454 2587 1680 2640 humida
1700 2583 1784 2636 vi·

187 2657 262 2712 tia
281 2657 566 2733 corporis5
581 2655 961 2719 collectiones,
982 2657 1250 2708 articulos
1274 2664 1553 2721 contusos,
1572 2651 1786 2724 pernio
