2033 3044
311 171 414 226 106
705 169 763 221 C.
805 167 1077 228 PmNu
1121 165 1492 219 SECUNDI

311 273 474 327 iamsi
497 271 718 323 omnino
743 285 906 323 manu
925 276 1182 323 teneatur
1202 269 1376 331 radix,
1406 268 1718 320 stimularit
1766 269 1933 324 adeo

311 347 356 396 si
379 344 605 394 bibatur
626 341 682 392 in
708 344 832 393 vino
855 348 1099 392 austero.
1168 341 1443 391 Arietibus
1472 353 1697 404 quoque
1720 345 1787 392 et
1808 339 1935 392 hir-

312 413 392 465 cis
430 411 774 480 segnioribus
806 411 866 461 in
888 416 1025 477 potu
1052 409 1189 460 dari.
1260 410 1331 460 Et
1348 423 1383 458 a
1404 407 1701 469 Sarmatis,
1748 409 1925 476 equis

307 483 386 532 ob
407 481 683 534 assiduum
705 481 952 532 laborem
984 477 1321 544 pigrioribus
1351 477 1410 527 in
1439 477 1607 538 coitu,
1656 477 1819 543 quod
1842 481 1925 530 vi·

309 553 445 602 tium
469 549 852 617 prosedamum
873 552 1090 598 vocant.
1145 544 1271 598 Vim
1296 547 1413 597 eius
1432 546 1748 610 restinguit
1762 559 1923 614 aqua

309 620 506 682 mulsa,
529 625 623 670 aut
643 619 866 670 lactuca
881 623 1084 667 sumta
1156 617 1217 666 ln
1236 621 1415 666 totum
1437 614 1656 679 quidem
1684 615 1921 678 Graeci,

311 705 432 742 cum
455 689 879 743 concitationem
899 685 1042 737 hano
1063 685 1255 734 volunt
1274 684 1604 750 significare,
1646 686 1919 751 satyrion

309 759 622 827 appellante
667 757 748 808 sic
773 754 1137 820 etcrataegin
1176 753 1653 821 cognominantes,
1700 761 1762 804 et
1794 754 1919 806 the-

309 829 578 897 lygonon,
615 831 673 878 et
709 823 1149 891 arrhenogonon,
1186 835 1415 888 quarum
1452 835 1641 873 semen
1680 825 1919 874 testium

313 898 494 948 simile
529 903 630 948 est.
703 892 1010 961 'l'ithymali
1036 906 1251 958 quoque
1280 903 1557 942 ramorum
1600 891 1923 943 medullam

313 967 596 1026 habentes,
619 964 690 1016 ad
711 965 980 1017 Venerem
999 962 1292 1028 proniores
1312 955 1431 1012 fieri
1450 959 1739 1010 dicuntur.
1784 960 1923 1012 Pro-

313 1036 532 1102 digiosa
552 1040 678 1086 sunt
691 1069 708 1096 ,
755 1049 896 1101 quae
915 1035 1064 1084 circa
1084 1029 1189 1080 hoc
1208 1029 1441 1081 tradidit
1463 1027 1919 1094 Theophrastus,

313 1112 506 1158 auctor
527 1104 734 1170 alioqui
755 1102 956 1170 gravis,
989 1106 1335 1167 septuageno
1356 1100 1510 1150 coitu
1528 1098 1775 1150 durasse
1794 1099 1919 1152 libi·

313 1175 499 1226 dinem
520 1179 780 1224 contactu
823 1170 1026 1223 herbae
1056 1169 1379 1230 cuiusdam,
1414 1165 1569 1220 cuius
1592 1179 1806 1220 noma
1826 1183 1921 1238 ge-
2005 1229 2006 1242 χ

311 1255 520 1308 nusque
547 1256 655 1292 non
681 1243 886 1307 posuit.

381 1341 578 1394 LXW.
615 1342 871 1394 sideritis
893 1340 1199 1408 adalligata
1219 1341 1431 1392 varices
1452 1331 1672 1402 minuit,
1711 1339 1774 1392 et
1796 1340 1923 1394 sine

312 1406 506 1464 dolore
537 1418 812 1478 persanat.
899 1407 1193 1476 podagrae
1225 1410 1446 1460 morbus
1476 1409 1657 1460 rarior
1689 1409 1923 1462 solebat

313 1491 434 1536 esse
453 1496 561 1533 non
585 1481 750 1533 modo
775 1487 990 1548 patrum
1011 1493 1349 1547 avorumque
1371 1477 1637 1530 memoria
1656 1515 1674 1539 ,
1716 1495 1921 1533 verum

315 1552 482 1605 etiam
522 1559 725 1613 nostra,
769 1564 900 1618 pere
945 1552 1097 1601 rinus
1130 1558 1188 1602 et
1222 1550 1359 1617 ipse.
1436 1544 1574 1599 Nam
1617 1548 1670 1599 si
1710 1548 1923 1603 ltaliae

313 1618 516 1691 fuisset
546 1622 866 1689 antiquitus,
957 1618 1167 1671 atinum
1198 1634 1396 1669 nomen
1428 1612 1757 1669 invenisset.
1835 1620 1926 1672 ln·

314 1691 583 1745 sanabilis
611 1706 721 1741 non
756 1698 840 1743 est
870 1686 1200 1742 credendus:
1284 1688 1445 1755 uippe
1479 1688 1741 1754 quoniam
1779 1696 1843 1741 et
1864 1690 1925 1741 in

312 1762 505 1816 multis
528 1766 725 1828 sponte
748 1758 936 1824 desiit,
956 1766 1013 1813 et
1036 1762 1092 1812 in
1113 1756 1257 1826 pluri
1302 1774 1364 1809 us
1388 1771 1536 1808 cura.
1612 1754 1927 1810 Medentur

313 1830 539 1903 panacis
560 1832 792 1892 radiceS,
837 1845 958 1881 cum
987 1844 1092 1881 uva
1122 1844 1312 1895 passa:
1353 1842 1548 1877 succus
1578 1824 1926 1895 hyoscyami

317 1914 438 1957 cum
463 1898 662 1964 farina,
683 1900 773 1952 vel
795 1913 1000 1959 semen,
1022 1898 1285 1949 scordion
1309 1910 1374 1946 ex
1395 1904 1582 1947 aceto:
1616 1896 1812 1958 iberis,
1838 1898 1924 1949 uti

317 1970 524 2026 dictum
546 1978 647 2025 est.
720 1968 1043 2023 verbenaca
1064 1982 1184 2018 cum
1208 1967 1444 2032 axungia
1467 1966 1619 2027 trita,
1651 1967 1927 2031 cyclami-
2002 1988 2004 1995 ·

319 2042 378 2093 ni
418 2040 599 2103 radix,
629 2038 786 2091 cuius
832 2036 1120 2089 decoctum
1162 2040 1218 2087 et
1260 2033 1621 2101 pernionibus
1662 2034 1917 2101 prodest.

316 2108 602 2177 Podagras
623 2106 921 2175 refrigerat
941 2098 1102 2155 radix
1124 2120 1155 2157 e
1174 2102 1385 2171 xiphio,
1424 2119 1608 2155 semen
1632 2118 1663 2155 e
1686 2104 1922 2171 psyllio‚

319 2181 505 2233 cicuta
525 2190 644 2230 cum
668 2174 984 2243 lithargyro
1009 2182 1107 2224 aut
1129 2176 1387 2242 axungia,
1411 2174 1628 2223 aizoum
1650 2172 1711 2223 in
1734 2176 1921 2241 primo

321 2250 528 2319 impetu
550 2246 830 2315 podagrae
852 2244 1118 2305 rubentis,
1164 2242 1273 2294 hoc
1296 2250 1398 2306 est,
1422 2239 1653 2293 calidae.
1730 2242 1925 2295 Uti-ili-

318 2316 414 2372 bct
435 2331 563 2371 vero
587 2316 840 2369 convenit
862 2316 1117 2381 erigeron
1138 2326 1258 2363 cum
1284 2311 1540 2380 axungia,
1574 2310 1923 2381 plantaginis
2003 2328 2004 2383 g

323 2384 460 2439 iblia
495 2388 632 2440 trita
673 2380 863 2437 addito
894 2385 1011 2437 sale
1043 2378 1279 2447 modico,
1320 2381 1641 2447 argemonia
1680 2384 1815 2435 tusa
1857 2397 1923 2435 ex

323 2452 505 2508 melle.
576 2457 834 2507 Mefletur
873 2454 1275 2521 ete-verbenaca
1315 2447 1481 2513 illita,
1517 2455 1617 2502 aut
1658 2450 1710 2503 si
1754 2448 1924 2519 pedes

325 2532 670 2574 macerentur
692 2527 748 2574 in
773 2535 916 2591 aqua
933 2522 990 2573 in
1012 2534 1121 2589 qua
1144 2520 1371 2573 decocta
1393 2521 1481 2572 sit.

295 2664 309 2677 ,
395 2620 564 2699 LXV.
589 2624 636 2674 1.
659 2627 734 2675 Et
756 2627 1012 2693 lappago,
1058 2623 1257 2675 similis
1276 2620 1601 2690 anagallidi,
1638 2620 1754 2673 nisi
1774 2630 1923 2675 emt

327 2701 618 2750 ramosior,
641 2704 708 2743 ac
730 2694 980 2757 pluribus
1003 2693 1155 2745 foliis
1178 2704 1391 2758 aspera,
1418 2704 1641 2760 rugosa,
1664 2694 1919 2757 asperio-
