2033 3044
129 168 438 226 NATUR.
461 168 806 225 HISTOR.
848 170 1292 236 LlB.,xxvm.
1312 169 1493 229 59-61.
1559 174 1667 231 203

91 275 274 328 eadem
297 278 458 341 parte
479 279 724 340 serpunt,
762 276 918 327 iecur
936 290 1125 329 eorum
1150 279 1511 341 combustum,
1554 295 1669 333 ma·

92 346 234 396 xime
256 343 499 409 iuniperi
520 343 694 411 ligno,
725 359 848 397 cum
873 344 1067 397 charta
1086 350 1143 397 et
1165 344 1452 399 arrhenico
1478 356 1665 401 sanat=

94 413 206 465 fimi
241 414 412 465 ciuise
457 412 536 463 fel
555 413 819 465 bubulum
863 430 984 467 cum
1030 416 1269 467 alumine
1288 418 1565 484 Aegyptio
1606 433 1672 470 ac

99 482 322 551 myrrha
339 481 411 533 ad
437 482 859 535 crassitudinem
900 483 1085 537 mellis
1104 488 1409 550 subactum,
1445 487 1674 553 insuper

97 552 222 603 beta
241 567 314 603 ex
334 552 462 601 vino
487 557 646 603 cocta
669 551 956 619 imposita:
981 569 1109 606 caro
1136 570 1367 622 quoque.
1439 556 1671 607 Manan-

97 624 172 671 tia
189 636 320 672 vero
345 620 586 683 bulcem,
621 635 810 671 sevum
853 638 972 673 cum
1016 624 1259 675 medulla
1285 624 1449 675 vituli
1469 622 1529 675 in
1546 624 1675 675 vino

99 690 410 743 decoctum:
453 689 534 741 fel
560 690 842 757 caprinum
865 708 984 743 cum
1018 694 1181 745 melle
1210 694 1442 760 rubique
1480 708 1675 745 succo:

97 760 178 811 vel
199 760 250 811 si
267 763 512 827 serpant,
550 760 739 813 fimum
763 761 931 813 etiam
969 762 1231 828 prodesse
1264 780 1385 815 cum
1406 762 1571 815 melle
1590 764 1674 813 di-

99 836 242 893 cunt,
284 835 382 880 aut
407 844 528 879 cum
551 836 728 893 aceto,
771 836 827 881 et
847 846 945 897 per
985 848 1045 883 se
1068 832 1349 899 butyrum.
1422 833 1678 886 'restium

97 906 280 963 tumor
317 912 449 950 sevo
487 898 667 963 vituli,
707 899 895 951 addito
926 900 1069 953 nitro
1093 902 1401 953 cohibetur:
1440 903 1528 953 vel
1548 902 1675 953 fimo

101 968 342 1021 eiusdem
385 982 456 1019 ex
487 976 644 1020 aceto
670 968 942 1021 decocto..
989 971 1194 1023 Urinae
1218 970 1681 1023 incontinentiam

100 1038 320 1091 cohibet
335 1038 521 1090 vesica
541 1038 750 1105 aprina,
771 1042 816 1091 si
841 1054 970 1091 assa
990 1042 1303 1093 mandatur.
1339 1040 1679 1106 Ungularum

99 1109 218 1175 apri
236 1108 326 1160 vel
347 1107 464 1159 suis
489 1107 630 1159 cinis
651 1110 862 1175 potioni
884 1109 1183 1175 inspersus.
1215 1108 1417 1163 Vesica
1437 1108 1679 1161 feminae

98 1179 208 1229 suis
227 1178 516 1231 combusta
531 1193 595 1229 ac
615 1185 774 1243 pota:
817 1179 950 1232 item
973 1178 1155 1242 hoedi,
1171 1180 1259 1231 vel
1284 1180 1500 1246 pulmoz
1534 1194 1683 1231 cere-

97 1249 252 1300 brum
276 1248 366 1313 lep
373 1248 484 1297 oris
505 1246 562 1296 in
579 1248 708 1299 vino
723 1266 735 1299 z
759 1248 1004 1302 eiusdem
1028 1249 1273 1303 testiculi
1284 1250 1438 1311 tosti,
1453 1250 1541 1301 vel
1554 1264 1681 1301 coa·-

99 1318 279 1385 gulum
306 1330 427 1367 cum
453 1318 706 1369 anserino
729 1318 891 1383 adipe
911 1320 969 1369 in
1001 1320 1231 1385 polenta
1248 1343 1262 1370 ε
1298 1335 1459 1371 renes
1480 1318 1681 1369 asinini

97 1389 152 1437 in
169 1402 320 1438 mero
344 1386 470 1437 triti
489 1388 734 1453 potique.
805 1388 962 1456 Magi
983 1390 1187 1441 verrini
1211 1390 1471 1457 genitalis
1494 1391 1680 1441 cinere

95 1462 228 1522 poto
251 1472 323 1509 ex
343 1454 472 1507 vino
495 1456 640 1508 dulci
663 1456 1044 1509 demonstrant
1062 1460 1281 1511 urinam
1301 1460 1487 1513 facere
1504 1459 1563 1510 in
1584 1473 1676 1510 ca-

98 1529 182 1578 nis
201 1526 392 1588 cubili,
435 1541 500 1577 ac
520 1527 690 1578 verba
709 1527 977 1588 adiicere,
1019 1544 1089 1580 ne
1110 1530 1227 1594 ipse
1250 1532 1461 1582 urinam
1487 1528 1677 1589 faciat,

97 1603 157 1648 ut
178 1599 348 1658 canis,
387 1597 445 1648 in
487 1611 588 1648 suo
630 1596 816 1648 cubili.
889 1596 1103 1648 Rursus
1128 1598 1236 1648 ciet
1257 1601 1473 1650 urinam
1495 1599 1681 1650 vesica

97 1670 224 1728 suis,
253 1667 307 1718 si
329 1670 534 1718 terram
557 1682 667 1717 non
691 1666 961 1733 attigerit,
982 1665 1248 1731 imposita
1270 1669 1419 1732 pubi.

159 1735 303 1789 Lxl.
341 1734 501 1788 Sedis
538 1736 694 1786 vitiis
733 1736 1019 1802 praeclare
1058 1735 1283 1800 prodest
1314 1733 1391 1787 fel
1432 1737 1677 1788 ursinum

100 1821 214 1856 cum
252 1806 435 1872 adipe.
508 1805 744 1866 Quidam
783 1803 1051 1856 adiiciunt
1088 1819 1335 1870 spumam
1376 1807 1595 1871 argenti
1614 1820 1681 1856 ac

95 1874 237 1926 thus.
277 1875 517 1928 Prodest
537 1883 593 1925 et
616 1877 879 1942 butyrum
903 1889 1023 1924 cum
1046 1875 1206 1940 adipe
1230 1873 1484 1924 anserino
1508 1888 1575 1924 ac
1594 1887 1681 1924 ro-

96 1959 270 1998 saceo.
341 1944 572 1995 Modum
592 1945 747 2011 ipsae
767 1959 856 1995 res
879 1949 1157 2005 statuunt,
1200 1950 1263 1993 ut
1284 1943 1396 1994 sint
1418 1943 1569 1992 illitu
1591 1941 1675 1994 fa-

96 2015 242 2067 ciles.
316 2013 610 2066 Praeclare
632 2013 884 2064 medetur
907 2019 962 2064 et
981 2016 1255 2064 taurinum
1282 2012 1376 2074 fel,
1398 2013 1453 2062 in
1478 2011 1681 2062 linteo-

97 2085 160 2136 lis
183 2083 530 2150 concerptis=
551 2082 826 2150 rimasque
847 2083 1102 2149 perducit
1124 2083 1191 2134 ad
1218 2081 1546 2133 cicatricem.
1596 2082 1682 2134 In-

99 2155 412 2207 nationibus
433 2153 490 2202 in
512 2167 579 2205 ea
600 2159 776 2218 parte,
820 2168 1008 2204 sevum
1034 2151 1214 2215 vituli,
1247 2155 1489 2204 maxime
1508 2150 1578 2201 ab
1601 2151 1680 2202 in-

99 2225 354 2290 guinibus
395 2237 518 2274 cum
561 2229 714 2273 ruta:
757 2223 962 2273 ceteris
1001 2223 1157 2273 vitiis
1181 2221 1436 2273 medetur
1454 2219 1677 2286 sanguis

99 2296 352 2360 caprinus
375 2307 496 2342 cum
533 2291 780 2358 polenta.
848 2293 986 2344 Item
1009 2289 1090 2343 fel
1108 2292 1393 2358 caprinum
1416 2289 1682 2356 condylo-

95 2363 256 2414 matis
286 2375 388 2426 per
417 2376 497 2412 se.
567 2361 703 2412 item
729 2360 806 2411 fel
841 2359 1093 2425 lupinum
1116 2376 1183 2412 ex
1201 2361 1347 2410 vino.
1419 2358 1601 2409 Panos
1622 2363 1681 2409 et

94 2436 444 2498 apostemata
463 2430 523 2481 in
543 2443 866 2496 quacunque
890 2433 1047 2495 parte
1082 2431 1305 2496 sanguis
1326 2430 1545 2478 ursinus
1566 2427 1680 2480 dis-

95 2501 260 2552 cutit:
300 2499 436 2552 item
459 2501 712 2555 taurinus
737 2497 920 2552 aridus
951 2498 1140 2550 tritus.
1211 2498 1681 2564 Praecipuumta-

95 2587 221 2623 rnen
241 2569 545 2621 remedium
570 2570 812 2622 traditur
832 2568 890 2618 in
917 2567 1128 2619 calculo
1152 2567 1371 2632 onagri=
1417 2581 1575 2632 quem
1596 2566 1681 2619 di-

99 2641 264 2702 citur,
307 2655 426 2690 cum
449 2639 834 2700 interficiatur,
855 2637 1089 2690 reddere
1107 2637 1287 2697 urina,
1330 2635 1683 2702 liquidiorem

99 2709 285 2772 initio,
333 2709 430 2763 sed
453 2709 679 2762 interra
700 2708 1029 2776 spissantem
1072 2723 1147 2760 se.
1218 2706 1327 2760 Hic
1349 2705 1683 2777 ¹idalligatus
