2033 3044
293 160 370 215 41
681 160 740 209 C.
789 158 1064 211 PLINII
1113 110 1491 213 SE⁹ctJND1

298 260 563 315 litudines
585 260 827 323 abditas,
865 262 1153 329 omnisque
1173 269 1357 317 terrae
1372 264 1541 317 libras
1561 262 1803 317 scrutati
1814 262 1894 317 in-

297 344 512 391 venere,
559 330 690 396 quid
713 346 963 399 quaeque
1003 332 1168 383 radix
1199 332 1456 397 polleret,
1496 332 1567 383 ad
1592 348 1737 398 quos
1760 348 1893 385 usus

293 394 588 450 herbarum
611 398 753 452 folia
773 401 1135 467 pertinerent,
1160 404 1327 453 etiam
1350 400 1767 467 quadrupedum
1794 416 1890 469 pa·

293 467 422 519 bulo
445 468 658 521 intacta
678 470 748 520 ad
769 468 964 521 salutis
987 485 1119 521 usus
1139 477 1435 523 vertentes.

357 536 424 588 11.
461 536 647 588 Minus
672 538 795 601 hoc,
819 554 981 605 quam
1011 554 1110 604 par
1132 546 1275 601 erat,
1321 539 1498 591 nostri
1518 539 1889 601 celebravere,

291 606 528 657 omnium
551 606 854 661 utilitatum
879 615 936 662 et
961 608 1226 659 virtutum
1248 608 1613 673 rapacissimi.
1639 607 1886 659 Primus·

290 690 396 742 que
419 681 478 727 et
497 676 592 726 diu
616 677 766 729 solus
789 677 936 728 idem
958 678 1054 729 ille
1073 678 1151 727 M.
1175 679 1331 739 Catu,
1352 677 1591 729 onmium
1615 678 1887 729 bonarum

288 744 486 795 artium
513 748 790 811 magister,
805 748 992 810 paucis
1015 746 1302 797 dumtaxat
1314 746 1521 812 attigit,
1537 747 1705 797 boum
1718 747 1889 799 etiam

290 813 565 865 medicina
591 831 698 864 non
718 815 936 866 omissa.
980 815 1117 866 Post
1138 830 1262 867 eum
1288 831 1425 865 unus
1444 815 1751 875 illustrium
1771 821 1890 866 ten-

289 883 434 933 tavit
453 883 510 933 Ο.
537 880 774 950 Valgius
793 884 1109 935 eruditione
1130 883 1771 949 spectatus,imperfecto
1796 900 1890 935 vo·-

289 951 494 1003 lumine
517 950 586 1001 ad
609 953 808 1003 Divum
830 955 1157 1020 Augustum,
1190 951 1451 1005 inchoata
1468 955 1637 1003 etiam
1662 951 1885 1017 praefa-

292 1021 442 1073 tione
465 1020 750 1088 religiosa,
790 1028 852 1071 ut
875 1022 1127 1072 omnibus
1146 1021 1308 1073 malis
1328 1020 1582 1073 humanis
1607 1021 1765 1073 illius
1790 1036 1887 1088 po-

291 1091 564 1139 tissimum
590 1090 852 1155 principis
871 1105 1091 1157 semper
1112 1090 1426 1143 mederetur
1442 1092 1725 1143 maiestas.

355 1158 451 1209 111.
486 1159 662 1223 Antea
686 1158 1006 1211 condiderat
1028 1159 1181 1210 solus
1206 1162 1506 1225 apudnos,
1548 1158 1699 1225 quod
1724 1158 1883 1225 equi-

285 1225 409 1278 dem
432 1228 629 1288 inveni,
651 1226 946 1294 Pompeius
973 1228 1242 1289 Lenaeus,
1267 1227 1458 1295 Magni
1481 1228 1745 1279 libertast
1769 1242 1884 1293 quo

285 1297 517 1361 primum
560 1302 806 1361 tempore
850 1294 991 1349 hanc
1021 1296 1311 1349 scientiam
1343 1296 1411 1347 ad
1446 1303 1666 1348 nostros
1689 1310 1885 1361 perve-

285 1366 432 1413 nisse
455 1364 638 1415 animo
663 1364 910 1417 adverto.
933 1366 1182 1433 Namque
1206 1364 1579 1428 Mithridates,
1600 1365 1885 1415 maximus

284 1448 385 1484 sua
403 1438 588 1483 aetate
599 1448 808 1500 regum,
823 1450 980 1501 quem
995 1436 1297 1487 debellavit
1310 1434 1619 1499 Pompeius,
1632 1432 1881 1485 omnium

285 1508 416 1558 ante
435 1514 495 1552 se
517 1502 829 1570 genitorum
857 1504 1320 1572 diligentissimus
1348 1505 1497 1560 vitae
1520 1504 1696 1556 fuisse
1716 1516 1887 1569 argu,-

285 1569 502 1631 mentis,
548 1579 928 1640 praeterquam
950 1573 1119 1638 fama,
1156 1573 1512 1640 intelligitur.
1583 1573 1689 1623 Uni
1708 1573 1761 1623 ei
1784 1587 1891 1624 exn

287 1639 618 1708 cogitatum,
662 1642 909 1707 quotidie
934 1658 1203 1697 venenum
1226 1645 1413 1696 bibere
1434 1643 1775 1708 praesumtis
1800 1656 1887 1692 re·

287 1709 498 1770 mediis,
520 1716 582 1762 ut
605 1711 1012 1764 consuetudine
1032 1714 1161 1778 ipsa
1180 1713 1463 1767 innoxium
1488 1712 1666 1763 lieret.
1690 1709 1886 1762 Primo

283 1779 508 1832 inventa
545 1795 751 1848 genera
769 1780 1029 1842 antidoti,
1071 1797 1138 1834 ex
1172 1782 1367 1848 quibus
1404 1796 1569 1834 unum
1596 1781 1765 1834 eriam
1788 1796 1891 1830 no·-

289 1863 413 1900 men
436 1849 555 1900 eius
573 1851 797 1904 retinet.
843 1849 1004 1901 Illius
1026 1852 1305 1904 inventum
1327 1856 1633 1918 autumant,
1654 1849 1885 1918 sangui·-

287 1933 409 1968 nem
435 1925 658 1970 anatum
678 1918 1029 1971 Ponticarum
1053 1919 1289 1972 miseere
1311 1919 1593 1981 antidotis,
1616 1923 1883 1986 quoniam

281 2003 489 2038 veneno
517 1989 777 2040 viverent.
799 1987 877 2038 Ad
900 1987 1061 2040 illum
1086 1988 1446 2055 Asclepiadis,
1467 1987 1727 2040 medendi
1748 1995 1881 2040 arte

283 2053 440 2115 clari,
481 2057 756 2108 volumina
778 2058 1091 2123 composita
1108 2064 1358 2120 exstant,
1398 2074 1519 2110 cum
1540 2057 1881 2112 sollicitatus

283 2139 352 2176 ex
375 2127 511 2177 urbe
541 2129 730 2189 Roma,
753 2133 1049 2193 praecepta
1069 2141 1170 2193 pro
1190 2143 1253 2178 se
1272 2129 1541 2180 mitteret.
1598 2126 1763 2178 illum
1784 2141 1879 2180 so-

278 2193 393 2245 lum
418 2195 742 2248 mortalium
780 2197 973 2264 viginti
1018 2196 1229 2248 duabus
1269 2197 1471 2265 linguis
1492 2196 1741 2248 locutum
1764 2211 1883 2250 cer·

278 2269 393 2313 tum
418 2269 520 2325 est,
566 2280 663 2315 nec
682 2266 751 2316 de
795 2266 1061 2318 subiectis
1101 2267 1359 2334 gentibus
1400 2265 1571 2318 ullum
1596 2263 1879 2318 hominem

279 2346 376 2396 per
397 2333 755 2400 interpretem
779 2334 1214 2416 appellatum-ab⁴
1233 2351 1301 2388 eo
1321 2335 1484 2387 annis
1508 2333 1880 2418 [avb-quibus

279 2404 1881 2536 3353ae‘bitti{52122522135223252'2'tffzffisstssraffiz

281 2535 408 2593 ctis,
449 2539 538 2601 qui
560 2538 717 2591 fuere
739 2555 866 2606 pars
889 2557 1090 2609 magna
1108 2547 1381 2595 terrarum
1396 2577 1415 2606 ,
1446 2543 1669 2608 singula
1688 2546 1880 2608 exqui-

281 2618 422 2661 rens,
462 2606 723 2658 scrinium
747 2613 1267 2663 commentationum
1303 2612 1497 2664 harum
1516 2619 1575 2664 et
1596 2613 1878 2678 exempla*

279 2670 382 2732 ria,
408 2669 766 2742 effectusque,
799 2680 859 2730 iu
880 2682 1097 2732 arcanis
1116 2681 1235 2734 suis
1257 2682 1501 2749 reliquit.
1574 2681 1879 2750 Pompeius
