<?xml version="1.0" encoding="UTF-8"?>
<!DOCTYPE html PUBLIC "-//W3C//DTD XHTML 1.0 Transitional//EN"
    "http://www.w3.org/TR/xhtml1/DTD/xhtml1-transitional.dtd">
<html xmlns="http://www.w3.org/1999/xhtml" xml:lang="en" lang="en">
 <head>
  <title>
</title>
<meta http-equiv="Content-Type" content="text/html;charset=utf-8" />
  <meta name='ocr-system' content='tesseract 3.04.00' />
  <meta name='ocr-capabilities' content='ocr_page ocr_carea ocr_par ocr_line ocrx_word'/>
</head>
<body>
  <div class='ocr_page' id='page_1' title='image "./historiaenatura05plingoog_0027.png"; bbox 0 0 2033 3044; ppageno 0'>
   <div class='ocr_carea' id='block_1_1' title="bbox 274 136 1451 194">
    <p class='ocr_par' dir='ltr' id='par_1_1' title="bbox 274 136 1451 194">
     <span class='ocr_line' id='line_1_1' title="bbox 274 136 1451 194; baseline -0.003 -1"><span class='ocrx_word' id='word_1_1' title='bbox 274 142 340 194; x_wconf 81' lang='lat'>18</span> <span class='ocrx_word' id='word_1_2' title='bbox 627 142 687 193; x_wconf 83' lang='lat' dir='ltr'>C.</span> <span class='ocrx_word' id='word_1_3' title='bbox 743 138 1011 191; x_wconf 81' lang='lat' dir='ltr'>PLlNlI</span> <span class='ocrx_word' id='word_1_4' title='bbox 1072 136 1451 191; x_wconf 79' lang='lat' dir='ltr'><strong>SECUNDI</strong></span> 
     </span>
    </p>
   </div>
   <div class='ocr_carea' id='block_1_2' title="bbox 271 237 1917 2720">
    <p class='ocr_par' dir='ltr' id='par_1_2' title="bbox 271 237 1917 432">
     <span class='ocr_line' id='line_1_2' title="bbox 272 237 1917 295; baseline 0 0"><span class='ocrx_word' id='word_1_5' title='bbox 272 244 572 295; x_wconf 84' lang='lat' dir='ltr'>restinctus</span> <span class='ocrx_word' id='word_1_6' title='bbox 601 244 655 292; x_wconf 90' lang='lat' dir='ltr'>in</span> <span class='ocrx_word' id='word_1_7' title='bbox 688 242 884 292; x_wconf 81' lang='lat' dir='ltr'>umbra</span> <span class='ocrx_word' id='word_1_8' title='bbox 914 240 1203 291; x_wconf 83' lang='lat' dir='ltr'>conditur:</span> <span class='ocrx_word' id='word_1_9' title='bbox 1241 240 1387 291; x_wconf 86' lang='lat' dir='ltr'>idem</span> <span class='ocrx_word' id='word_1_10' title='bbox 1422 253 1547 290; x_wconf 84' lang='lat' dir='ltr'>cum</span> <span class='ocrx_word' id='word_1_11' title='bbox 1580 237 1774 292; x_wconf 81' lang='lat' dir='ltr'>libeat</span> <span class='ocrx_word' id='word_1_12' title='bbox 1798 258 1917 295; x_wconf 75' lang='lat' dir='ltr'>ac·</span> 
     </span>
     <span class='ocr_line' id='line_1_3' title="bbox 272 306 1917 375; baseline -0.001 -12"><span class='ocrx_word' id='word_1_13' title='bbox 272 313 522 372; x_wconf 86' lang='lat' dir='ltr'>cendere,</span> <span class='ocrx_word' id='word_1_14' title='bbox 562 310 876 361; x_wconf 83' lang='lat' dir='ltr'>resolvitur.</span> <span class='ocrx_word' id='word_1_15' title='bbox 949 309 1105 375; x_wconf 82' lang='lat' dir='ltr'>Magi</span> <span class='ocrx_word' id='word_1_16' title='bbox 1140 308 1199 358; x_wconf 89' lang='lat' dir='ltr'>id</span> <span class='ocrx_word' id='word_1_17' title='bbox 1238 316 1379 361; x_wconf 85' lang='lat' dir='ltr'>etex</span> <span class='ocrx_word' id='word_1_18' title='bbox 1414 306 1685 374; x_wconf 81' lang='lat' dir='ltr'>spadonis</span> <span class='ocrx_word' id='word_1_19' title='bbox 1716 311 1917 362; x_wconf 81' lang='lat' dir='ltr'>urina</span> 
     </span>
     <span class='ocr_line' id='line_1_4' title="bbox 271 379 774 432; baseline -0.008 -1"><span class='ocrx_word' id='word_1_20' title='bbox 271 382 390 432; x_wconf 84' lang='lat' dir='ltr'>fieri</span> <span class='ocrx_word' id='word_1_21' title='bbox 412 379 774 431; x_wconf 85' lang='lat' dir='ltr'>tradiderunt.</span> 
     </span>
    </p>

    <p class='ocr_par' dir='ltr' id='par_1_3' title="bbox 272 442 1915 639">
     <span class='ocr_line' id='line_1_5' title="bbox 344 442 1915 514; baseline 0 -14"><span class='ocrx_word' id='word_1_22' title='bbox 344 449 534 500; x_wconf 79' lang='lat' dir='ltr'>XLlll.</span> <span class='ocrx_word' id='word_1_23' title='bbox 573 449 686 499; x_wconf 88' lang='lat' dir='ltr'>Nec</span> <span class='ocrx_word' id='word_1_24' title='bbox 710 448 868 514; x_wconf 77' lang='lat' dir='ltr'>virga</span> <span class='ocrx_word' id='word_1_25' title='bbox 885 448 1189 511; x_wconf 85' lang='lat' dir='ltr'>sanguinea</span> <span class='ocrx_word' id='word_1_26' title='bbox 1209 445 1429 497; x_wconf 81' lang='lat' dir='ltr'><strong>felicior</strong></span> <span class='ocrx_word' id='word_1_27' title='bbox 1447 442 1707 496; x_wconf 84' lang='lat' dir='ltr'>habetur.</span> <span class='ocrx_word' id='word_1_28' title='bbox 1756 448 1915 500; x_wconf 79' lang='lat' dir='ltr'>Cor-</span> 
     </span>
     <span class='ocr_line' id='line_1_6' title="bbox 272 515 1914 581; baseline 0.002 -13"><span class='ocrx_word' id='word_1_29' title='bbox 272 526 365 569; x_wconf 83' lang='lat' dir='ltr'>tex</span> <span class='ocrx_word' id='word_1_30' title='bbox 407 520 529 569; x_wconf 84' lang='lat' dir='ltr'>eius</span> <span class='ocrx_word' id='word_1_31' title='bbox 588 519 823 569; x_wconf 87' lang='lat' dir='ltr'>interior</span> <span class='ocrx_word' id='word_1_32' title='bbox 884 515 1171 567; x_wconf 75' lang='lat' dir='ltr'>cicatrices</span> <span class='ocrx_word' id='word_1_33' title='bbox 1194 549 1210 576; x_wconf 92' lang='lat'>,</span> <span class='ocrx_word' id='word_1_34' title='bbox 1272 530 1412 580; x_wconf 84' lang='lat' dir='ltr'>quae</span> <span class='ocrx_word' id='word_1_35' title='bbox 1452 528 1914 581; x_wconf 75' lang='lat' dir='ltr'>praesanavere,</span> 
     </span>
     <span class='ocr_line' id='line_1_7' title="bbox 274 587 470 639; baseline -0.01 0"><span class='ocrx_word' id='word_1_36' title='bbox 274 606 304 639; x_wconf 74' lang='lat' dir='ltr'><strong>a</strong></span> <span class='ocrx_word' id='word_1_37' title='bbox 346 587 470 638; x_wconf 88' lang='lat' dir='ltr'>erit.</span> 
     </span>
    </p>

    <p class='ocr_par' dir='ltr' id='par_1_4' title="bbox 272 603 1911 924">
     <span class='ocr_line' id='line_1_8' title="bbox 308 603 1911 717; baseline 0.002 -12"><span class='ocrx_word' id='word_1_38' title='bbox 308 603 546 705; x_wconf 74' lang='lat' dir='ltr'>pXLIV.</span> <span class='ocrx_word' id='word_1_39' title='bbox 583 652 776 705; x_wconf 86' lang='lat' dir='ltr'>Sileris</span> <span class='ocrx_word' id='word_1_40' title='bbox 817 650 959 703; x_wconf 77' lang='lat' dir='ltr'>folia</span> <span class='ocrx_word' id='word_1_41' title='bbox 999 652 1145 702; x_wconf 85' lang='lat' dir='ltr'>illita</span> <span class='ocrx_word' id='word_1_42' title='bbox 1187 650 1364 703; x_wconf 76' lang='lat' dir='ltr'>fronti</span> <span class='ocrx_word' id='word_1_43' title='bbox 1407 654 1601 717; x_wconf 82' lang='lat' dir='ltr'>capitis</span> <span class='ocrx_word' id='word_1_44' title='bbox 1648 654 1911 708; x_wconf 80' lang='lat' dir='ltr'>dolores</span> 
     </span>
     <span class='ocr_line' id='line_1_9' title="bbox 272 720 1906 786; baseline 0 -11"><span class='ocrx_word' id='word_1_45' title='bbox 272 725 487 776; x_wconf 84' lang='lat' dir='ltr'>sedant.</span> <span class='ocrx_word' id='word_1_46' title='bbox 557 724 818 773; x_wconf 87' lang='lat' dir='ltr'>Eiusdem</span> <span class='ocrx_word' id='word_1_47' title='bbox 843 737 1028 773; x_wconf 87' lang='lat' dir='ltr'>semen</span> <span class='ocrx_word' id='word_1_48' title='bbox 1052 722 1268 781; x_wconf 89' lang='lat' dir='ltr'>tritum,</span> <span class='ocrx_word' id='word_1_49' title='bbox 1305 722 1363 770; x_wconf 88' lang='lat' dir='ltr'>in</span> <span class='ocrx_word' id='word_1_50' title='bbox 1382 722 1507 771; x_wconf 88' lang='lat' dir='ltr'>oleo</span> <span class='ocrx_word' id='word_1_51' title='bbox 1530 720 1906 786; x_wconf 79' lang='lat' dir='ltr'><strong>phthiriases</strong></span> 
     </span>
     <span class='ocr_line' id='line_1_10' title="bbox 275 789 1908 857; baseline -0.001 -12"><span class='ocrx_word' id='word_1_52' title='bbox 275 800 508 845; x_wconf 87' lang='lat' dir='ltr'>coercet.</span> <span class='ocrx_word' id='word_1_53' title='bbox 578 791 878 856; x_wconf 74' lang='lat' dir='ltr'>Serpentes</span> <span class='ocrx_word' id='word_1_54' title='bbox 903 797 958 843; x_wconf 81' lang='lat' dir='ltr'>et</span> <span class='ocrx_word' id='word_1_55' title='bbox 981 789 1123 841; x_wconf 86' lang='lat' dir='ltr'>hunc</span> <span class='ocrx_word' id='word_1_56' title='bbox 1143 790 1403 841; x_wconf 83' lang='lat' dir='ltr'>fruticem</span> <span class='ocrx_word' id='word_1_57' title='bbox 1426 789 1718 857; x_wconf 82' lang='lat' dir='ltr'>refugiunt</span> <span class='ocrx_word' id='word_1_58' title='bbox 1733 810 1749 842; x_wconf 74' lang='lat' dir='ltr'><strong><em>z</em></strong></span> <span class='ocrx_word' id='word_1_59' title='bbox 1800 794 1908 845; x_wconf 81' lang='lat' dir='ltr'>ba-</span> 
     </span>
     <span class='ocr_line' id='line_1_11' title="bbox 279 858 1385 924; baseline -0.002 -11"><span class='ocrx_word' id='word_1_60' title='bbox 279 863 460 913; x_wconf 86' lang='lat' dir='ltr'>culum</span> <span class='ocrx_word' id='word_1_61' title='bbox 500 876 568 912; x_wconf 90' lang='lat' dir='ltr'>ue</span> <span class='ocrx_word' id='word_1_62' title='bbox 595 859 794 912; x_wconf 80' lang='lat' dir='ltr'>rustici</span> <span class='ocrx_word' id='word_1_63' title='bbox 813 861 882 911; x_wconf 90' lang='lat' dir='ltr'>ob</span> <span class='ocrx_word' id='word_1_64' title='bbox 903 858 962 909; x_wconf 91' lang='lat' dir='ltr'>id</span> <span class='ocrx_word' id='word_1_65' title='bbox 985 875 1053 911; x_wconf 85' lang='lat' dir='ltr'>ex</span> <span class='ocrx_word' id='word_1_66' title='bbox 1078 874 1143 909; x_wconf 90' lang='lat' dir='ltr'>eo</span> <span class='ocrx_word' id='word_1_67' title='bbox 1166 865 1385 924; x_wconf 85' lang='lat' dir='ltr'>gerunt.</span> 
     </span>
    </p>

    <p class='ocr_par' dir='ltr' id='par_1_5' title="bbox 277 928 1905 1394">
     <span class='ocr_line' id='line_1_12' title="bbox 349 928 1905 997; baseline -0.001 -14"><span class='ocrx_word' id='word_1_68' title='bbox 349 932 450 983; x_wconf 83' lang='lat' dir='ltr'>XL</span> <span class='ocrx_word' id='word_1_69' title='bbox 507 966 520 979; x_wconf 91' lang='lat'><strong>.</strong></span> <span class='ocrx_word' id='word_1_70' title='bbox 561 929 884 997; x_wconf 85' lang='lat' dir='ltr'>Ligustrum</span> <span class='ocrx_word' id='word_1_71' title='bbox 907 928 958 979; x_wconf 85' lang='lat' dir='ltr'>si</span> <span class='ocrx_word' id='word_1_72' title='bbox 981 928 1174 978; x_wconf 86' lang='lat' dir='ltr'>eadem</span> <span class='ocrx_word' id='word_1_73' title='bbox 1200 928 1365 977; x_wconf 85' lang='lat' dir='ltr'>arbor</span> <span class='ocrx_word' id='word_1_74' title='bbox 1385 932 1645 993; x_wconf 81' lang='lat' dir='ltr'>est,quae</span> <span class='ocrx_word' id='word_1_75' title='bbox 1668 928 1731 979; x_wconf 86' lang='lat' dir='ltr'>in</span> <span class='ocrx_word' id='word_1_76' title='bbox 1760 930 1905 981; x_wconf 86' lang='lat' dir='ltr'>Ori·</span> 
     </span>
     <span class='ocr_line' id='line_1_13' title="bbox 279 994 1904 1067; baseline -0.001 -16"><span class='ocrx_word' id='word_1_77' title='bbox 279 1006 408 1052; x_wconf 89' lang='lat' dir='ltr'>ente</span> <span class='ocrx_word' id='word_1_78' title='bbox 446 1014 666 1067; x_wconf 80' lang='lat' dir='ltr'>cypros,</span> <span class='ocrx_word' id='word_1_79' title='bbox 705 1012 834 1047; x_wconf 88' lang='lat' dir='ltr'>suos</span> <span class='ocrx_word' id='word_1_80' title='bbox 873 997 931 1047; x_wconf 89' lang='lat' dir='ltr'>in</span> <span class='ocrx_word' id='word_1_81' title='bbox 967 998 1197 1061; x_wconf 82' lang='lat' dir='ltr'><strong>Europa</strong></span> <span class='ocrx_word' id='word_1_82' title='bbox 1239 1012 1367 1047; x_wconf 86' lang='lat' dir='ltr'>usus</span> <span class='ocrx_word' id='word_1_83' title='bbox 1410 994 1591 1047; x_wconf 83' lang='lat' dir='ltr'>habet.</span> <span class='ocrx_word' id='word_1_84' title='bbox 1666 995 1904 1050; x_wconf 83' lang='lat' dir='ltr'>Succus</span> 
     </span>
     <span class='ocr_line' id='line_1_14' title="bbox 281 1065 1903 1133; baseline -0.001 -12"><span class='ocrx_word' id='word_1_85' title='bbox 281 1071 400 1121; x_wconf 86' lang='lat' dir='ltr'>eius</span> <span class='ocrx_word' id='word_1_86' title='bbox 422 1069 622 1131; x_wconf 86' lang='lat' dir='ltr'>nervis,</span> <span class='ocrx_word' id='word_1_87' title='bbox 661 1066 929 1127; x_wconf 82' lang='lat' dir='ltr'>articulis,</span> <span class='ocrx_word' id='word_1_88' title='bbox 969 1066 1267 1133; x_wconf 84' lang='lat' dir='ltr'>algoribus,</span> <span class='ocrx_word' id='word_1_89' title='bbox 1306 1065 1445 1116; x_wconf 82' lang='lat' dir='ltr'>folia</span> <span class='ocrx_word' id='word_1_90' title='bbox 1464 1065 1673 1130; x_wconf 87' lang='lat' dir='ltr'>ubique</span> <span class='ocrx_word' id='word_1_91' title='bbox 1698 1070 1903 1120; x_wconf 82' lang='lat' dir='ltr'>veteri</span> 
     </span>
     <span class='ocr_line' id='line_1_15' title="bbox 278 1132 1902 1196; baseline 0.001 -8"><span class='ocrx_word' id='word_1_92' title='bbox 278 1135 494 1191; x_wconf 81' lang='lat' dir='ltr'>hulceri</span> <span class='ocrx_word' id='word_1_93' title='bbox 537 1153 659 1189; x_wconf 86' lang='lat' dir='ltr'>cum</span> <span class='ocrx_word' id='word_1_94' title='bbox 697 1136 834 1187; x_wconf 84' lang='lat' dir='ltr'>salis</span> <span class='ocrx_word' id='word_1_95' title='bbox 869 1136 1030 1196; x_wconf 84' lang='lat' dir='ltr'>mica,</span> <span class='ocrx_word' id='word_1_96' title='bbox 1074 1140 1130 1186; x_wconf 91' lang='lat' dir='ltr'>et</span> <span class='ocrx_word' id='word_1_97' title='bbox 1166 1135 1281 1185; x_wconf 84' lang='lat' dir='ltr'>oris</span> <span class='ocrx_word' id='word_1_98' title='bbox 1326 1132 1902 1189; x_wconf 81' lang='lat' dir='ltr'>exhulcerationibus</span> 
     </span>
     <span class='ocr_line' id='line_1_16' title="bbox 279 1203 1902 1273; baseline -0.001 -14"><span class='ocrx_word' id='word_1_99' title='bbox 279 1212 526 1273; x_wconf 80' lang='lat' dir='ltr'>prosunt.</span> <span class='ocrx_word' id='word_1_100' title='bbox 599 1206 750 1257; x_wconf 87' lang='lat' dir='ltr'>Acini</span> <span class='ocrx_word' id='word_1_101' title='bbox 783 1210 980 1256; x_wconf 84' lang='lat' dir='ltr'>contra</span> <span class='ocrx_word' id='word_1_102' title='bbox 1019 1203 1375 1269; x_wconf 73' lang='lat' dir='ltr'>phthiriasim</span> <span class='ocrx_word' id='word_1_103' title='bbox 1420 1203 1553 1253; x_wconf 77' lang='lat' dir='ltr'>ite-m</span> <span class='ocrx_word' id='word_1_104' title='bbox 1576 1210 1788 1255; x_wconf 80' lang='lat' dir='ltr'>contra</span> <span class='ocrx_word' id='word_1_105' title='bbox 1810 1206 1902 1257; x_wconf 84' lang='lat' dir='ltr'>in-</span> 
     </span>
     <span class='ocr_line' id='line_1_17' title="bbox 277 1271 1905 1345; baseline 0.001 -20"><span class='ocrx_word' id='word_1_106' title='bbox 277 1276 618 1345; x_wconf 69' lang='lat' dir='ltr'>tertrigines,</span> <span class='ocrx_word' id='word_1_107' title='bbox 655 1274 878 1328; x_wconf 83' lang='lat' dir='ltr'>foliave.</span> <span class='ocrx_word' id='word_1_108' title='bbox 949 1271 1159 1323; x_wconf 84' lang='lat' dir='ltr'>Sanant</span> <span class='ocrx_word' id='word_1_109' title='bbox 1182 1278 1237 1323; x_wconf 88' lang='lat' dir='ltr'>et</span> <span class='ocrx_word' id='word_1_110' title='bbox 1260 1272 1697 1339; x_wconf 75' lang='lat' dir='ltr'>gallinaceorum</span> <span class='ocrx_word' id='word_1_111' title='bbox 1722 1274 1905 1340; x_wconf 85' lang='lat' dir='ltr'>pitui-</span> 
     </span>
     <span class='ocr_line' id='line_1_18' title="bbox 278 1344 548 1394; baseline -0.007 0"><span class='ocrx_word' id='word_1_112' title='bbox 278 1350 366 1394; x_wconf 82' lang='lat' dir='ltr'>tas</span> <span class='ocrx_word' id='word_1_113' title='bbox 388 1344 548 1394; x_wconf 84' lang='lat' dir='ltr'>acini.</span> 
     </span>
    </p>

    <p class='ocr_par' dir='ltr' id='par_1_6' title="bbox 280 1408 1903 1534">
     <span class='ocr_line' id='line_1_19' title="bbox 347 1408 1903 1476; baseline 0.001 -13"><span class='ocrx_word' id='word_1_114' title='bbox 347 1410 543 1463; x_wconf 85' lang='lat' dir='ltr'><strong>XLVI.</strong></span> <span class='ocrx_word' id='word_1_115' title='bbox 580 1410 745 1463; x_wconf 88' lang='lat' dir='ltr'>Folia</span> <span class='ocrx_word' id='word_1_116' title='bbox 767 1410 881 1461; x_wconf 85' lang='lat' dir='ltr'>alni</span> <span class='ocrx_word' id='word_1_117' title='bbox 917 1426 982 1463; x_wconf 83' lang='lat' dir='ltr'>ex</span> <span class='ocrx_word' id='word_1_118' title='bbox 1016 1408 1251 1463; x_wconf 81' lang='lat' dir='ltr'>ferventi</span> <span class='ocrx_word' id='word_1_119' title='bbox 1282 1424 1423 1476; x_wconf 84' lang='lat' dir='ltr'>aqua</span> <span class='ocrx_word' id='word_1_120' title='bbox 1462 1410 1785 1463; x_wconf 85' lang='lat' dir='ltr'>certissimo</span> <span class='ocrx_word' id='word_1_121' title='bbox 1809 1426 1903 1465; x_wconf 79' lang='lat' dir='ltr'>re·</span> 
     </span>
     <span class='ocr_line' id='line_1_20' title="bbox 280 1480 859 1534; baseline -0.003 -2"><span class='ocrx_word' id='word_1_122' title='bbox 280 1480 464 1534; x_wconf 86' lang='lat' dir='ltr'>medio</span> <span class='ocrx_word' id='word_1_123' title='bbox 486 1486 614 1530; x_wconf 86' lang='lat' dir='ltr'>sunt</span> <span class='ocrx_word' id='word_1_124' title='bbox 641 1480 859 1530; x_wconf 86' lang='lat' dir='ltr'>tumori.</span> 
     </span>
    </p>

    <p class='ocr_par' dir='ltr' id='par_1_7' title="bbox 277 1548 1893 2720">
     <span class='ocr_line' id='line_1_21' title="bbox 349 1548 1893 1615; baseline 0.004 -15"><span class='ocrx_word' id='word_1_125' title='bbox 349 1549 570 1600; x_wconf 78' lang='lat' dir='ltr'>XLVll.</span> <span class='ocrx_word' id='word_1_126' title='bbox 615 1549 828 1600; x_wconf 78' lang='lat' dir='ltr'>Ederae</span> <span class='ocrx_word' id='word_1_127' title='bbox 866 1563 1075 1615; x_wconf 83' lang='lat' dir='ltr'>genera</span> <span class='ocrx_word' id='word_1_128' title='bbox 1116 1548 1317 1614; x_wconf 84' lang='lat' dir='ltr'>viginti</span> <span class='ocrx_word' id='word_1_129' title='bbox 1358 1548 1893 1607; x_wconf 82' lang='lat' dir='ltr'>demonstravimus.</span> 
     </span>
     <span class='ocr_line' id='line_1_22' title="bbox 277 1617 1892 1684; baseline 0.002 -13"><span class='ocrx_word' id='word_1_130' title='bbox 277 1619 495 1671; x_wconf 85' lang='lat' dir='ltr'>Natura</span> <span class='ocrx_word' id='word_1_131' title='bbox 529 1618 768 1668; x_wconf 89' lang='lat' dir='ltr'>omnium</span> <span class='ocrx_word' id='word_1_132' title='bbox 801 1619 856 1667; x_wconf 90' lang='lat' dir='ltr'>in</span> <span class='ocrx_word' id='word_1_133' title='bbox 892 1617 1163 1668; x_wconf 88' lang='lat' dir='ltr'>medicina</span> <span class='ocrx_word' id='word_1_134' title='bbox 1192 1632 1407 1684; x_wconf 83' lang='lat' dir='ltr'>anceps.</span> <span class='ocrx_word' id='word_1_135' title='bbox 1478 1617 1731 1670; x_wconf 80' lang='lat' dir='ltr'>Mentem</span> <span class='ocrx_word' id='word_1_136' title='bbox 1764 1628 1892 1674; x_wconf 86' lang='lat' dir='ltr'>tur-</span> 
     </span>
     <span class='ocr_line' id='line_1_23' title="bbox 277 1685 1891 1754; baseline 0.001 -14"><span class='ocrx_word' id='word_1_137' title='bbox 277 1690 400 1750; x_wconf 87' lang='lat' dir='ltr'>bat,</span> <span class='ocrx_word' id='word_1_138' title='bbox 445 1694 502 1738; x_wconf 88' lang='lat' dir='ltr'>et</span> <span class='ocrx_word' id='word_1_139' title='bbox 524 1694 689 1753; x_wconf 86' lang='lat' dir='ltr'>caput</span> <span class='ocrx_word' id='word_1_140' title='bbox 711 1692 914 1754; x_wconf 85' lang='lat' dir='ltr'>purgat</span> <span class='ocrx_word' id='word_1_141' title='bbox 937 1685 1150 1752; x_wconf 87' lang='lat' dir='ltr'>largius</span> <span class='ocrx_word' id='word_1_142' title='bbox 1172 1693 1319 1752; x_wconf 88' lang='lat' dir='ltr'>pota.</span> <span class='ocrx_word' id='word_1_143' title='bbox 1393 1687 1768 1739; x_wconf 83' lang='lat' dir='ltr'>Nervis.intus</span> <span class='ocrx_word' id='word_1_144' title='bbox 1789 1706 1891 1742; x_wconf 87' lang='lat' dir='ltr'>no-</span> 
     </span>
     <span class='ocr_line' id='line_1_24' title="bbox 281 1753 1890 1822; baseline 0 -11"><span class='ocrx_word' id='word_1_145' title='bbox 281 1765 385 1811; x_wconf 85' lang='lat' dir='ltr'>cet.</span> <span class='ocrx_word' id='word_1_146' title='bbox 455 1756 656 1808; x_wconf 86' lang='lat' dir='ltr'>lisdem</span> <span class='ocrx_word' id='word_1_147' title='bbox 681 1757 862 1807; x_wconf 85' lang='lat' dir='ltr'>nervis</span> <span class='ocrx_word' id='word_1_148' title='bbox 883 1753 1138 1806; x_wconf 81' lang='lat' dir='ltr'>adhibita</span> <span class='ocrx_word' id='word_1_149' title='bbox 1177 1755 1311 1805; x_wconf 80' lang='lat' dir='ltr'>foris</span> <span class='ocrx_word' id='word_1_150' title='bbox 1342 1757 1589 1822; x_wconf 85' lang='lat' dir='ltr'>prodest.</span> <span class='ocrx_word' id='word_1_151' title='bbox 1664 1757 1890 1811; x_wconf 85' lang='lat' dir='ltr'>Eadem</span> 
     </span>
     <span class='ocr_line' id='line_1_25' title="bbox 282 1824 1892 1893; baseline 0.001 -15"><span class='ocrx_word' id='word_1_152' title='bbox 282 1835 498 1888; x_wconf 81' lang='lat' dir='ltr'>natura,</span> <span class='ocrx_word' id='word_1_153' title='bbox 541 1842 681 1893; x_wconf 84' lang='lat' dir='ltr'>quae</span> <span class='ocrx_word' id='word_1_154' title='bbox 703 1831 880 1887; x_wconf 81' lang='lat' dir='ltr'>acet0,</span> <span class='ocrx_word' id='word_1_155' title='bbox 922 1826 974 1880; x_wconf 81' lang='lat' dir='ltr'>ei</span> <span class='ocrx_word' id='word_1_156' title='bbox 998 1832 1099 1876; x_wconf 86' lang='lat' dir='ltr'>est.</span> <span class='ocrx_word' id='word_1_157' title='bbox 1172 1824 1372 1876; x_wconf 89' lang='lat' dir='ltr'>Omnia</span> <span class='ocrx_word' id='word_1_158' title='bbox 1406 1839 1613 1890; x_wconf 82' lang='lat' dir='ltr'>genera</span> <span class='ocrx_word' id='word_1_159' title='bbox 1642 1827 1768 1876; x_wconf 88' lang='lat' dir='ltr'>eius</span> <span class='ocrx_word' id='word_1_160' title='bbox 1806 1843 1892 1880; x_wconf 92' lang='lat' dir='ltr'>re-</span> 
     </span>
     <span class='ocr_line' id='line_1_26' title="bbox 280 1893 1893 1964; baseline -0.001 -16"><span class='ocrx_word' id='word_1_161' title='bbox 280 1897 565 1964; x_wconf 82' lang='lat' dir='ltr'>frigerant.</span> <span class='ocrx_word' id='word_1_162' title='bbox 636 1896 857 1946; x_wconf 83' lang='lat' dir='ltr'>Urinam</span> <span class='ocrx_word' id='word_1_163' title='bbox 895 1894 1041 1946; x_wconf 83' lang='lat' dir='ltr'>cient</span> <span class='ocrx_word' id='word_1_164' title='bbox 1070 1899 1230 1960; x_wconf 90' lang='lat' dir='ltr'>potu:</span> <span class='ocrx_word' id='word_1_165' title='bbox 1271 1893 1471 1958; x_wconf 86' lang='lat' dir='ltr'>capitis</span> <span class='ocrx_word' id='word_1_166' title='bbox 1506 1893 1767 1944; x_wconf 84' lang='lat' dir='ltr'>dolorem</span> <span class='ocrx_word' id='word_1_167' title='bbox 1804 1912 1893 1949; x_wconf 84' lang='lat' dir='ltr'>se-</span> 
     </span>
     <span class='ocr_line' id='line_1_27' title="bbox 283 1963 1887 2030; baseline 0 -14"><span class='ocrx_word' id='word_1_168' title='bbox 283 1967 434 2027; x_wconf 84' lang='lat' dir='ltr'>dant,</span> <span class='ocrx_word' id='word_1_169' title='bbox 492 1964 784 2030; x_wconf 89' lang='lat' dir='ltr'>praecipue</span> <span class='ocrx_word' id='word_1_170' title='bbox 827 1964 1073 2021; x_wconf 88' lang='lat' dir='ltr'>cerebr0‚</span> <span class='ocrx_word' id='word_1_171' title='bbox 1133 1963 1547 2028; x_wconf 78' lang='lat' dir='ltr'>continentique</span> <span class='ocrx_word' id='word_1_172' title='bbox 1590 1966 1887 2016; x_wconf 85' lang='lat' dir='ltr'>cerebrum</span> 
     </span>
     <span class='ocr_line' id='line_1_28' title="bbox 279 2030 1888 2097; baseline 0.001 -13"><span class='ocrx_word' id='word_1_173' title='bbox 279 2035 651 2094; x_wconf 82' lang='lat' dir='ltr'>membranae,</span> <span class='ocrx_word' id='word_1_174' title='bbox 693 2030 908 2082; x_wconf 82' lang='lat' dir='ltr'>utiliter</span> <span class='ocrx_word' id='word_1_175' title='bbox 931 2031 1193 2082; x_wconf 87' lang='lat' dir='ltr'>mollibus</span> <span class='ocrx_word' id='word_1_176' title='bbox 1228 2031 1507 2097; x_wconf 83' lang='lat' dir='ltr'>impositis</span> <span class='ocrx_word' id='word_1_177' title='bbox 1530 2030 1715 2082; x_wconf 74' lang='lat' dir='ltr'>foliisz</span> <span class='ocrx_word' id='word_1_178' title='bbox 1756 2049 1888 2086; x_wconf 87' lang='lat' dir='ltr'>cum</span> 
     </span>
     <span class='ocr_line' id='line_1_29' title="bbox 282 2092 1889 2165; baseline 0.001 -12"><span class='ocrx_word' id='word_1_179' title='bbox 282 2110 441 2153; x_wconf 86' lang='lat' dir='ltr'>aceto</span> <span class='ocrx_word' id='word_1_180' title='bbox 467 2109 523 2154; x_wconf 89' lang='lat' dir='ltr'>et</span> <span class='ocrx_word' id='word_1_181' title='bbox 543 2116 773 2152; x_wconf 86' lang='lat' dir='ltr'>rosaceo</span> <span class='ocrx_word' id='word_1_182' title='bbox 797 2092 954 2150; x_wconf 64' lang='lat' dir='ltr'>tritis!</span> <span class='ocrx_word' id='word_1_183' title='bbox 969 2105 1026 2151; x_wconf 90' lang='lat' dir='ltr'>et</span> <span class='ocrx_word' id='word_1_184' title='bbox 1048 2100 1288 2152; x_wconf 84' lang='lat' dir='ltr'>decoctis</span> <span class='ocrx_word' id='word_1_185' title='bbox 1303 2136 1319 2162; x_wconf 99' lang='lat'>,</span> <span class='ocrx_word' id='word_1_186' title='bbox 1362 2099 1554 2151; x_wconf 84' lang='lat' dir='ltr'>addito</span> <span class='ocrx_word' id='word_1_187' title='bbox 1576 2107 1777 2165; x_wconf 87' lang='lat' dir='ltr'>postea</span> <span class='ocrx_word' id='word_1_188' title='bbox 1800 2118 1889 2154; x_wconf 89' lang='lat' dir='ltr'>ro·</span> 
     </span>
     <span class='ocr_line' id='line_1_30' title="bbox 283 2167 1887 2224; baseline 0.001 -4"><span class='ocrx_word' id='word_1_189' title='bbox 283 2186 444 2224; x_wconf 82' lang='lat' dir='ltr'>saceo</span> <span class='ocrx_word' id='word_1_190' title='bbox 471 2171 612 2222; x_wconf 88' lang='lat' dir='ltr'>oleo.</span> <span class='ocrx_word' id='word_1_191' title='bbox 682 2169 980 2220; x_wconf 90' lang='lat' dir='ltr'>lllinuntur</span> <span class='ocrx_word' id='word_1_192' title='bbox 995 2176 1181 2220; x_wconf 86' lang='lat' dir='ltr'>autem</span> <span class='ocrx_word' id='word_1_193' title='bbox 1205 2167 1405 2220; x_wconf 83' lang='lat' dir='ltr'>fronti:</span> <span class='ocrx_word' id='word_1_194' title='bbox 1451 2175 1507 2220; x_wconf 89' lang='lat' dir='ltr'>et</span> <span class='ocrx_word' id='word_1_195' title='bbox 1528 2169 1762 2222; x_wconf 84' lang='lat' dir='ltr'>decocto</span> <span class='ocrx_word' id='word_1_196' title='bbox 1787 2187 1887 2224; x_wconf 87' lang='lat' dir='ltr'>eo·</span> 
     </span>
     <span class='ocr_line' id='line_1_31' title="bbox 283 2237 1891 2306; baseline 0.001 -15"><span class='ocrx_word' id='word_1_197' title='bbox 283 2257 402 2291; x_wconf 84' lang='lat' dir='ltr'>rum</span> <span class='ocrx_word' id='word_1_198' title='bbox 427 2240 648 2291; x_wconf 81' lang='lat' dir='ltr'>fovetur</span> <span class='ocrx_word' id='word_1_199' title='bbox 669 2253 749 2299; x_wconf 83' lang='lat' dir='ltr'>os,</span> <span class='ocrx_word' id='word_1_200' title='bbox 773 2244 1045 2304; x_wconf 82' lang='lat' dir='ltr'>caputque</span> <span class='ocrx_word' id='word_1_201' title='bbox 1074 2238 1411 2304; x_wconf 82' lang='lat' dir='ltr'>perungitur.</span> <span class='ocrx_word' id='word_1_202' title='bbox 1484 2237 1651 2288; x_wconf 80' lang='lat' dir='ltr'>Lieni</span> <span class='ocrx_word' id='word_1_203' title='bbox 1672 2245 1730 2290; x_wconf 88' lang='lat' dir='ltr'>et</span> <span class='ocrx_word' id='word_1_204' title='bbox 1750 2249 1891 2306; x_wconf 84' lang='lat' dir='ltr'>pota</span> 
     </span>
     <span class='ocr_line' id='line_1_32' title="bbox 285 2305 1887 2373; baseline -0.001 -13"><span class='ocrx_word' id='word_1_205' title='bbox 285 2316 344 2360; x_wconf 81' lang='lat' dir='ltr'>et</span> <span class='ocrx_word' id='word_1_206' title='bbox 383 2309 534 2359; x_wconf 90' lang='lat' dir='ltr'>illita</span> <span class='ocrx_word' id='word_1_207' title='bbox 569 2312 818 2373; x_wconf 80' lang='lat' dir='ltr'>prosunt.</span> <span class='ocrx_word' id='word_1_208' title='bbox 873 2306 1271 2371; x_wconf 89' lang='lat' dir='ltr'>Decoquuntur</span> <span class='ocrx_word' id='word_1_209' title='bbox 1312 2313 1369 2358; x_wconf 88' lang='lat' dir='ltr'>et</span> <span class='ocrx_word' id='word_1_210' title='bbox 1406 2313 1603 2358; x_wconf 75' lang='lat' dir='ltr'>contra</span> <span class='ocrx_word' id='word_1_211' title='bbox 1621 2305 1887 2360; x_wconf 85' lang='lat' dir='ltr'>horrores</span> 
     </span>
     <span class='ocr_line' id='line_1_33' title="bbox 281 2375 1885 2443; baseline 0 -15"><span class='ocrx_word' id='word_1_212' title='bbox 281 2378 534 2437; x_wconf 82' lang='lat' dir='ltr'>febrium,</span> <span class='ocrx_word' id='word_1_213' title='bbox 547 2376 971 2443; x_wconf 88' lang='lat' dir='ltr'>eruptionesque</span> <span class='ocrx_word' id='word_1_214' title='bbox 992 2375 1245 2441; x_wconf 87' lang='lat' dir='ltr'>pituitae,</span> <span class='ocrx_word' id='word_1_215' title='bbox 1266 2376 1436 2426; x_wconf 80' lang='lat' dir='ltr'>autin</span> <span class='ocrx_word' id='word_1_216' title='bbox 1458 2377 1589 2427; x_wconf 86' lang='lat' dir='ltr'>vino</span> <span class='ocrx_word' id='word_1_217' title='bbox 1610 2383 1885 2429; x_wconf 86' lang='lat' dir='ltr'>teruntur.</span> 
     </span>
     <span class='ocr_line' id='line_1_34' title="bbox 285 2443 1886 2512; baseline 0.002 -17"><span class='ocrx_word' id='word_1_218' title='bbox 285 2446 544 2510; x_wconf 88' lang='lat' dir='ltr'>Corymbi</span> <span class='ocrx_word' id='word_1_219' title='bbox 568 2460 782 2512; x_wconf 86' lang='lat' dir='ltr'>quoque</span> <span class='ocrx_word' id='word_1_220' title='bbox 807 2446 926 2511; x_wconf 84' lang='lat' dir='ltr'>poti</span> <span class='ocrx_word' id='word_1_221' title='bbox 949 2446 1034 2496; x_wconf 88' lang='lat' dir='ltr'>vel</span> <span class='ocrx_word' id='word_1_222' title='bbox 1056 2443 1185 2495; x_wconf 88' lang='lat' dir='ltr'>illiti</span> <span class='ocrx_word' id='word_1_223' title='bbox 1204 2444 1403 2495; x_wconf 87' lang='lat' dir='ltr'>lienem</span> <span class='ocrx_word' id='word_1_224' title='bbox 1428 2453 1654 2497; x_wconf 76' lang='lat' dir='ltr'>sanant=</span> <span class='ocrx_word' id='word_1_225' title='bbox 1678 2447 1886 2498; x_wconf 87' lang='lat' dir='ltr'>iocine-</span> 
     </span>
     <span class='ocr_line' id='line_1_35' title="bbox 283 2512 1883 2579; baseline 0.001 -17"><span class='ocrx_word' id='word_1_226' title='bbox 283 2529 346 2562; x_wconf 85' lang='lat' dir='ltr'>ra</span> <span class='ocrx_word' id='word_1_227' title='bbox 366 2519 550 2562; x_wconf 83' lang='lat' dir='ltr'>autem</span> <span class='ocrx_word' id='word_1_228' title='bbox 573 2514 724 2570; x_wconf 56' lang='lat' dir='ltr'>illiti.⁵</span> <span class='ocrx_word' id='word_1_229' title='bbox 757 2512 1012 2566; x_wconf 85' lang='lat' dir='ltr'>Trahunt</span> <span class='ocrx_word' id='word_1_230' title='bbox 1034 2519 1086 2564; x_wconf 89' lang='lat' dir='ltr'>et</span> <span class='ocrx_word' id='word_1_231' title='bbox 1106 2527 1319 2564; x_wconf 84' lang='lat' dir='ltr'>menses</span> <span class='ocrx_word' id='word_1_232' title='bbox 1342 2515 1602 2579; x_wconf 83' lang='lat' dir='ltr'>appositi.</span> <span class='ocrx_word' id='word_1_233' title='bbox 1672 2514 1883 2568; x_wconf 73' lang='lat' dir='ltr'>Succos</span> 
     </span>
     <span class='ocr_line' id='line_1_36' title="bbox 287 2579 1885 2648; baseline 0.003 -18"><span class='ocrx_word' id='word_1_234' title='bbox 287 2579 490 2630; x_wconf 85' lang='lat' dir='ltr'>ederae</span> <span class='ocrx_word' id='word_1_235' title='bbox 530 2581 718 2630; x_wconf 83' lang='lat' dir='ltr'>taedia</span> <span class='ocrx_word' id='word_1_236' title='bbox 758 2583 971 2632; x_wconf 79' lang='lat' dir='ltr'>narium</span> <span class='ocrx_word' id='word_1_237' title='bbox 1018 2581 1563 2648; x_wconf 84' lang='lat' dir='ltr'>graveolentiamque</span> <span class='ocrx_word' id='word_1_238' title='bbox 1602 2583 1885 2644; x_wconf 68' lang='lat' dir='ltr'>emendat,</span> 
     </span>
     <span class='ocr_line' id='line_1_37' title="bbox 287 2647 1889 2720; baseline 0.004 -22"><span class='ocrx_word' id='word_1_239' title='bbox 287 2647 583 2713; x_wconf 85' lang='lat' dir='ltr'>praecipue</span> <span class='ocrx_word' id='word_1_240' title='bbox 607 2648 766 2700; x_wconf 82' lang='lat' dir='ltr'>albae</span> <span class='ocrx_word' id='word_1_241' title='bbox 783 2651 1012 2702; x_wconf 72' lang='lat' dir='ltr'>sativae.</span> <span class='ocrx_word' id='word_1_242' title='bbox 1064 2649 1215 2701; x_wconf 86' lang='lat' dir='ltr'>ldem</span> <span class='ocrx_word' id='word_1_243' title='bbox 1232 2649 1447 2702; x_wconf 80' lang='lat' dir='ltr'>infusus</span> <span class='ocrx_word' id='word_1_244' title='bbox 1472 2651 1697 2704; x_wconf 81' lang='lat' dir='ltr'>naribus</span> <span class='ocrx_word' id='word_1_245' title='bbox 1718 2657 1889 2720; x_wconf 78' lang='lat' dir='ltr'>caput</span> 
     </span>
    </p>
   </div>
   <div class='ocr_carea' id='block_1_3' title="bbox 2025 420 2030 3038">
    <p class='ocr_par' dir='ltr' id='par_1_8' title="bbox 2025 420 2030 3038">
     <span class='ocr_line' id='line_1_38' title="bbox 2025 420 2030 3038; baseline 0 0"><span class='ocrx_word' id='word_1_246' title='bbox 2025 420 2030 3038; x_wconf 95' lang='lat' dir='ltr'> </span> 
     </span>
    </p>
   </div>
  </div>
 </body>
</html>
