2033 3044
245 122 320 175 ιο
649 118 707 169 c.
743 114 1025 167 PL1N11
1069 82 1443 168 saeuum

246 224 320 275 ab
356 235 424 274 eo
453 220 647 273 morbo
667 219 876 271 tentari
898 219 991 286 qui
1010 218 1373 287 gustaverint.
1444 216 1638 284 ltaque
1658 222 1717 269 et
1739 216 1847 269 sui-

249 292 349 342 bus
377 291 522 341 dari:
557 304 808 356 quaeque
831 287 1301 340 medicamentum
1326 287 1384 339 id
1407 286 1689 339 noluerint
1708 286 1843 338 han-

245 360 378 420 rire,
411 374 477 411 eo
501 360 693 411 morbo
715 358 980 409 interimi.
1054 356 1193 409 Sunt
1218 356 1315 425 qui
1338 361 1395 407 et
1418 356 1476 407 in
1497 356 1681 407 avium
1702 354 1848 407 nidis

242 428 416 480 inseri
441 427 650 497 aliquid
673 443 738 480 ex
763 442 832 479 ea
854 431 1067 495 putent,
1106 433 1271 493 atque
1292 425 1375 478 ita
1394 441 1502 477 non
1523 423 1843 493 strangula-

240 498 290 549 ri
311 497 494 564 pullos
518 497 733 549 avidius
756 497 1106 547 devorantes.
1403 500 1417 513 ⁶

313 566 503 620 CXIV.
548 564 780 618 Veneris
805 564 1079 633 pectinem
1114 566 1397 631 appellant
1418 578 1454 617 a
1474 562 1847 617 similitudine

243 635 522 703 pectinum
539 672 554 698 ,
598 636 754 689 cuius
776 635 937 685 radix
957 650 1083 685 eum
1108 635 1295 689 malva
1316 642 1471 698 tusa,
1510 633 1698 687 omnia
1720 646 1845 687 cor-

242 704 362 771 pori
384 706 555 757 infixa
577 701 836 757 extrahit.

312 772 476 826 CXV.
515 772 759 827 Veterno
779 771 1005 836 liberat,
1037 786 1177 839 quae
1201 774 1435 825 exedum
1458 780 1707 835 vocatur,
1734 770 1851 824 No·

240 843 338 894 dia
360 840 546 905 herba,
569 842 937 894 coriariorum
962 841 1195 893 officinis
1219 851 1381 893 nota:
1408 857 1477 895 ea
1498 841 1731 892 mularis
1756 847 1850 895 est

240 913 371 965 aliis
387 948 403 975 ,
443 912 641 964 aliisve
663 910 994 963 nominibus.
1068 910 1275 963 Nomas
1300 918 1492 965 curat:
1532 911 1852 963 efficacissi-

241 997 496 1049 mamque
519 981 787 1035 adversus
809 981 1133 1048 scorpiones
1157 996 1281 1033 esse
1306 981 1573 1047 potamia
1595 983 1722 1031 vino
1746 987 1853 1033 aut

241 1067 414 1119 posca
435 1054 673 1119 reperio.

312 1122 498 1173 CXVI.
557 1118 996 1186 philanthropon
1037 1118 1265 1171 herbam
1309 1118 1511 1171 Graeci
1552 1116 1853 1184 appellant

239 1188 533 1251 hirsutam,
578 1191 838 1257 quoniam
881 1189 1127 1241 vestibus
1166 1187 1547 1241 adhaerescat.
1620 1188 1707 1239 Ex
1736 1186 1851 1239 hac

241 1273 449 1312 corona
491 1260 750 1325 imposita
785 1259 979 1327 capitis
1024 1256 1251 1309 dolores
1284 1258 1463 1309 sedat.
1534 1256 1677 1309 Nam
1699 1271 1849 1324 quae

241 1327 464 1379 canaria
483 1328 797 1394 appellatur
819 1328 1002 1395 lappa,
1026 1342 1149 1379 cum
1175 1326 1499 1394 plantagine
1520 1332 1579 1377 et
1602 1325 1851 1378 milleso-

237 1398 314 1447 lio
337 1398 473 1449 trita
497 1410 566 1447 ex
591 1399 718 1448 vino
743 1397 1119 1449 carcinomata
1136 1402 1315 1457 sanat,
1335 1395 1511 1447 ternis
1534 1396 1731 1448 diebus
1754 1410 1855 1447 so·

241 1466 378 1517 luta.
433 1466 694 1518 Medetur
717 1472 774 1517 et
797 1468 986 1519 suibus
1009 1464 1218 1517 effossa
1236 1466 1361 1517 sine
1379 1465 1551 1529 ferro,
1574 1472 1631 1517 et
1649 1464 1857 1519 addita

242 1539 298 1588 in
324 1536 618 1587 colluviem
648 1537 882 1602 poturis,
927 1536 1014 1588 vel
1039 1551 1109 1588 ex
1132 1535 1275 1594 lacte
1296 1552 1364 1588 ac
1387 1536 1531 1588 vino.
1601 1535 1855 1597 Quidam

243 1605 510 1658 adiiciunt
531 1613 586 1658 et
610 1603 916 1657 fodientem
942 1604 1127 1658 dicere
1150 1612 1437 1671 oportere:
1462 1607 1615 1658 Haec
1626 1603 1857 1658 esther·

239 1677 314 1727 ba
333 1690 616 1743 arg-emon,
634 1689 798 1741 quam
819 1674 1078 1726 Minerva
1097 1677 1306 1740 reperit
1320 1674 1861 1737 suibusremedium,

242 1745 336 1812 qui
362 1744 430 1796 de
452 1744 554 1796 illa
575 1745 942 1811 gustaverint.

311 1813 532 1868 cxvn.
569 1813 864 1881 Tordylon
891 1813 991 1866 alii
1015 1826 1207 1864 semen
1249 1812 1375 1864 silis
1410 1827 1530 1866 esse
1550 1811 1817 1864 dixerunt
1836 1830 1855 1862 z

242 1880 341 1933 alii
365 1881 589 1936 herbam
615 1898 711 1950 per
731 1899 810 1946 se,
833 1898 996 1949 quam
1022 1888 1081 1934 et
1102 1897 1311 1950 syreon
1331 1885 1689 1934 vocaverunt.
1738 1880 1858 1934 Ne-

243 1966 348 2019 que
371 1954 523 2006 aliud
549 1953 617 2005 de
639 1969 706 2006 ea
728 1951 1012 2020 proditum
1038 1952 1280 2014 invenio,
1296 1967 1459 2018 quam
1482 1951 1539 2002 in
1560 1949 1855 2004 montibus

243 2023 425 2073 nasci:
453 2024 792 2076 combustam
818 2028 952 2088 potu
974 2022 1125 2076 ciere
1146 2037 1381 2084 menses,
1400 2027 1458 2072 et
1478 2020 1723 2086 pectoris
1748 2035 1853 2074 ex-

242 2092 606 2153 screationes,
635 2091 945 2143 efficaciore
966 2091 1271 2144 etiamnum
1297 2091 1513 2142 radice:
1534 2103 1703 2141 succo
1722 2090 1855 2142 eius

238 2163 416 2213 ternis
441 2162 622 2213 obolis
645 2159 844 2214 hausto
863 2177 1027 2213 renes
1050 2161 1271 2212 sanari.-
1302 2159 1437 2212 addi
1460 2157 1705 2210 radicem
1724 2157 1851 2210 eius

241 2235 302 2282 et
324 2232 383 2284 iu
410 2234 763 2298 malagmata.

314 2300 556 2356 cxvui.
595 2300 834 2351 Gramen
874 2299 1057 2365 ipsum
1093 2297 1241 2352 inter
1286 2296 1489 2350 herbas
1527 2295 1855 2363 vulgatissi-

239 2381 409 2421 mum.
487 2369 834 2424 Geniculatis
855 2369 1034 2435 serpit
1055 2368 1398 2430 internodiis,
1442 2367 1750 2430 crebroque
1774 2366 1857 2418 ab

238 2434 344 2499 his,
369 2444 424 2490 et
445 2454 514 2492 ex
535 2439 821 2492 cacumine
843 2454 1014 2488 novas
1036 2438 1253 2490 radices
1271 2436 1505 2501 spargit.
1538 2433 1705 2486 Folia
1722 2435 1853 2488 eiua

236 2506 294 2554 in
336 2507 550 2571 reliquo
589 2509 724 2560 orbe
756 2507 812 2558 in
845 2507 1158 2560 exilitatem
1195 2506 1547 2573 fastigantur.
1619 2504 1683 2555 ln
1706 2501 1847 2556 Par-

238 2588 404 2626 nasso
429 2578 646 2626 tantum
667 2576 936 2628 edei-acea
955 2576 1159 2644 specie,
1178 2574 1405 2627 densius
1425 2587 1590 2640 quam
1604 2586 1847 2639 usquam

240 2642 519 2704 ⁹-uticant,
553 2642 688 2696 flore
713 2645 946 2698 odorato
969 2642 1341 2710 candidoque.
1375 2642 1647 2696 lumentis
1667 2640 1851 2696 herba
