2033 3044
233 176 551 231 NATUR.
589 178 924 232 Hls'ron.
957 180 1113 233 LIB.
1138 178 1585 240 xxvmazw.
1650 185 1757 243 213

159 286 289 333 tam
315 279 484 332 edant
507 284 652 334 circa
674 291 1008 351 conceptum,
1042 299 1219 336 mares
1241 287 1513 351 parituras
1534 292 1756 355 promit·

159 355 320 402 tunt.
393 350 645 403 Medulla
665 353 826 404 vituli
862 355 914 403 in
950 355 1079 404 vino
1114 368 1181 404 ex
1213 369 1356 421 aqua
1380 356 1611 408 decocta
1635 374 1755 411 cum

161 433 329 481 aevu,
370 420 908 475 exbulcerationibus
929 422 1209 473 vulvarum
1232 423 1491 489 imposita
1516 426 1757 490 prodest.

159 489 317 540 Item
343 487 514 555 adeps
546 491 818 558 vulpium,
859 500 1367 560 excrementumque
1400 492 1613 544 felium:
1654 492 1759 547 hoc

163 572 300 609 cum
346 560 532 609 resina
573 565 628 611 et
657 575 884 613 rosaceo
914 562 1247 627 impositum.
1320 564 1555 628 caprino
1590 578 1757 615 cornu

163 625 354 677 suffiri
378 627 614 690 vulvam,
645 629 995 681 utilissimum
1018 636 1231 697 putant.
1303 630 1648 683 silvestrium
1674 646 1759 683 can

161 709 404 762 pratum
443 697 664 765 sanguis
704 714 824 749 cum
866 699 1047 763 palma
1069 701 1282 751 marina
1314 700 1459 767 pilos
1500 699 1757 754 detrahit.

161 766 504 817 Ceterarum
529 780 658 817 vero
681 766 774 831 fel,
795 768 990 819 callum
1013 769 1296 821 vulvarum
1320 770 1532 820 emollit
1552 771 1760 835 insper-

161 850 318 895 sum,
361 837 420 884 et
450 850 483 885 a
514 837 838 901 purgatione
870 844 1163 903 conceptus
1191 837 1336 889 facit.
1411 838 1504 892 Sic
1542 852 1755 907 quoque

161 900 439 971 psilotbri
456 903 540 953 vis
563 904 814 969 efficitur,
845 907 896 956 si
916 908 1121 958 evulsis
1142 907 1269 973 pilis
1291 907 1481 958 triduo
1502 913 1755 959 servetur

159 973 406 1043 illitum.
474 972 823 1038 Profluvium,
846 977 1087 1042 quamvis
1110 977 1452 1039 immensum,
1475 978 1639 1026 urina
1662 992 1752 1028 ca-

161 1056 309 1110 prae
329 1047 463 1106 pota
491 1043 632 1105 sisti,
675 1046 1006 1097 obstetrices
1038 1045 1381 1111 promittunt,
1420 1053 1477 1097 et
1496 1046 1545 1096 si
1564 1045 1754 1096 fimum

163 1112 448 1162 illiciatur.
518 1113 843 1165 Membrana
872 1129 1155 1181 caprarum
1188 1116 1244 1164 in
1283 1129 1391 1180 qua
1419 1122 1608 1181 partus
1644 1115 1755 1167 cdi-

161 1187 283 1243 tur,
311 1181 634 1244 inveterata,
652 1190 892 1251 potuque
917 1191 1096 1236 sumta
1119 1186 1176 1235 in
1194 1183 1339 1245 vino,
1357 1184 1620 1235 secundas
1644 1186 1755 1251 pel·

157 1250 250 1301 lit.
336 1250 653 1301 Hoedorum
685 1254 811 1319 pilis
840 1254 1010 1303 suffiri
1033 1253 1241 1313 vulvas,
1278 1254 1417 1304 utile
1446 1259 1656 1319 putant,
1696 1260 1754 1305 et

158 1320 219 1370 in
241 1317 520 1386 profluvio
544 1322 824 1387 sanguinis
846 1323 1136 1391 coagulum
1157 1323 1286 1384 bibi,
1315 1331 1413 1373 aut
1432 1322 1752 1392 hyoscyami

164 1402 361 1440 semen
385 1390 606 1454 imponi.
677 1393 723 1442 E
765 1390 904 1443 bove
943 1391 1185 1443 silvestri
1209 1393 1367 1459 nigro
1408 1394 1457 1443 si
1486 1395 1751 1461 sanguine

159 1458 336 1510 ricini
359 1456 528 1508 lumbi
562 1467 938 1526 perungantur
955 1460 1171 1512 mulieri
1195 1498 1210 1524 ,
1251 1461 1494 1513 taedium
1515 1461 1749 1515 Veneris

162 1529 315 1589 fleri,
338 1527 472 1577 dicit
493 1528 784 1581 Osthanes.
853 1528 1003 1580 Idem
1026 1530 1391 1595 amoris,pota
1410 1531 1551 1582 hirci
1569 1534 1750 1594 urina,

163 1597 420 1648 admixto
443 1604 667 1664 propter
693 1597 972 1649 fastidium
996 1597 1187 1646 nardo.
1562 1631 1567 1646 .

235 1665 536 1718 Lxxvln.
571 1665 877 1718 Infantibus
909 1667 1053 1718 nihil
1086 1667 1288 1731 butyro
1321 1665 1532 1728 utilius,
1570 1683 1668 1733 per
1687 1685 1747 1722 se

165 1741 226 1788 et
247 1749 376 1786 cum
399 1736 563 1788 melle
584 1755 598 1786 ε
639 1737 890 1803 privatim
927 1743 983 1788 et
1008 1736 1066 1786 in
1101 1732 1420 1795 dentitione,
1462 1740 1518 1786 et
1538 1737 1607 1786 ad
1631 1739 1747 1804 gin.

207 1808 352 1867 Ἰήιε,
375 1810 430 1856 et
453 1805 521 1855 ad
546 1807 658 1855 oris
677 1803 916 1856 bulcera.
986 1805 1142 1856 Dens
1172 1801 1289 1867 lupi
1310 1802 1641 1870 adalligatus
1660 1805 1745 1855 in·

229 1873 412 1925 ntium
453 1887 687 1940 pavores
728 1873 980 1940 probibet
1001 1909 1016 1935 ,
1081 1871 1456 1938 dentientique
1498 1872 1745 1926 morbos:

166 1941 317 2012 quod
338 1947 398 1994 et
427 1943 588 2008 pellis
619 1943 808 2010 lupina
837 1947 1101 2010 praestat.
1172 1941 1379 1992 Dentes
1411 1940 1626 2007 quidem
1652 1957 1746 1994 co·-

163 2027 292 2064 rum
313 2012 541 2062 maximi
563 2013 716 2079 equis
749 2027 960 2080 quoque
991 2010 1297 2078 adalligati,
1337 2008 1749 2076 infatigabilem

165 2095 394 2133 cursum
430 2088 711 2145 praestare
741 2083 1014 2133 dicuntur.
1085 2081 1364 2146 Leporum
1386 2080 1619 2146 coagulo
1644 2081 1751 2130 illi-

163 2157 226 2202 to
245 2150 424 2201 ubere
449 2149 666 2200 sistitur
683 2151 972 2203 infantium
995 2151 1170 2202 alvus.
1195 2150 1351 2200 Iecur
1370 2149 1750 2211 asini,admix-

163 2227 231 2270 ta
253 2218 478 2270 modice
503 2232 732 2284 panace,
782 2221 1117 2271 instillatum
1140 2221 1198 2270 in
1222 2234 1299 2281 os,
1328 2235 1362 2269 a
1382 2219 1749 2270 comitialibus

165 2287 386 2340 morbis
409 2295 466 2340 et
488 2289 621 2339 aliis
642 2289 882 2342 infantes
903 2296 1121 2340 tuetur=
1164 2286 1270 2339 hoc
1292 2288 1392 2339 XL
1414 2287 1607 2338 diebus
1630 2288 1751 2339 fieri

165 2357 534 2424 praecipiunt.
605 2359 678 2408 Et
699 2360 856 2424 pellis
899 2360 1040 2409 asini
1068 2358 1292 2419 iniecta,
1330 2357 1629 2423 impavidos
1666 2357 1748 2408 in-

165 2425 360 2479 fantes
381 2424 531 2477 facit.
599 2426 806 2480 Dentes
829 2428 920 2493 qui
943 2426 1096 2492 equis
1119 2429 1347 2492 primum
1372 2425 1585 2487 cadunt,
1609 2424 1760 2477 faci-r

165 2495 281 2548 lem
301 2494 664 2547 dentitionem
691 2502 968 2563 praestant
988 2494 1289 2546 infantibus
1311 2494 1622 2561 adalligati:
1667 2495 1744 2548 ef·

167 2566 412 2627 nescius,
457 2565 506 2614 si
546 2570 749 2616 terram
793 2581 900 2616 non
940 2566 1191 2629 attigere.
1260 2563 1394 2614 Lien
1416 2565 1647 2617 bubulus
1670 2567 1742 2634 *in

165 2633 342 2687 mello
363 2634 570 2686 editur:
614 2641 670 2686 et
691 2634 929 2686 illinitur
947 2633 1016 2684 ad
1042 2633 1203 2684 lienis
1225 2631 1467 2686 dolores:
1528 2635 1597 2685 ad
1623 2634 1742 2686 hul-

167 2717 300 2756 cera
319 2704 600 2756 manantia
619 2717 740 2754 cum
762 2705 942 2756 melle.
1012 2701 1153 2754 Lien
1171 2702 1329 2754 vituli
1348 2701 1405 2755 in
1426 2703 1553 2756 vino
1575 2703 1735 2756 deco·
