2033 3044
269 187 337 238 28
660 185 719 239 C.
756 185 1451 239 PLlNlI'SECUNDI

270 303 524 342 araneos.
596 287 751 342 Inter
772 290 1192 351 medicamenta,
1234 305 1373 357 quae
1393 288 1643 357 styptica
1660 296 1904 352 vocant,

270 358 413 410 nihil
438 357 716 409 efficacius
754 361 876 412 rubi
919 374 1076 411 mora
1098 359 1328 412 ferentis
1348 359 1536 410 radice
1559 359 1810 410 decocta
1837 361 1899 410 in

269 429 396 479 vino
422 427 490 478 ad
518 429 717 480 tertias
744 435 947 494 partes,
971 435 1035 479 ut
1056 430 1378 480 colluantur
1397 445 1464 481 eo
1490 429 1602 479 oris
1623 427 1898 490 bulcen-a,

222 547 237 552 -
268 504 324 550 et
344 495 495 550 sedis
530 497 852 554 foveantur.
898 505 1168 564 tantaque
1207 503 1290 550 vis
1339 505 1446 561 cst,
1489 503 1552 548 ut
1596 499 1897 568 spongiae

258 567 419 636 ipsae
444 567 809 634 lapide-scant.

332 637 581 690 Lxxiv.
614 637 873 692 Alterum
918 652 1092 704 genus
1114 637 1240 688 rubi
1261 643 1364 697 est,
1407 637 1463 686 in
1488 652 1594 702 quo
1617 651 1757 689 rosa
1779 653 1888 689 na·

261 709 451 759 scitur.
492 707 684 772 Gignit
708 707 939 772 pilulam
963 714 1260 758 castaneae
1283 707 1543 768 simile-m,
1566 707 1890 772 praecipuo

260 778 509 830 remedio
534 776 852 828 calculosis.
907 776 1037 828 Alia
1055 782 1141 828 est
1161 774 1533 843 cynorrhoda,
1556 791 1723 842 quam
1751 791 1888 842 pro—

260 846 413 898 ximo
438 845 684 897 dicemus
706 845 1005 897 volumine.
1081 847 1438 912 cynosbaton
1472 846 1570 895 alii
1595 859 1884 912 cynospa-

260 923 407 977 ston,
450 915 549 967 alii
590 921 991 981 nevrospaston
1016 921 1249 967 vocant:
1293 915 1486 966 folium
1511 912 1684 967 habet
1701 917 1884 967 vesti·

264 985 357 1052 gio
378 984 620 1036 hominis
645 985 845 1036 simile.
916 985 1052 1036 Fert
1073 991 1129 1036 et
1147 1000 1308 1035 uvam
1333 985 1568 1052 nigram,
1613 985 1674 1036 in
1709 985 1882 1037 cuius

261 1057 421 1108 acino
440 1070 665 1107 nervum
690 1055 877 1118 habet,
898 1054 1044 1106 unde
1067 1060 1458 1120 nevrospastos
1480 1055 1707 1106 dicitur.
1748 1055 1884 1107 Alia

262 1133 349 1177 est
372 1141 407 1178 a
426 1126 669 1191 cappari,
746 1141 870 1176 uam
911 1124 1118 1177 medici
1162 1124 1508 1191 cynosbaton
1554 1124 1880 1190 appellave-

263 1201 412 1247 runt.
484 1196 670 1246 Huius
701 1201 725 1245 t
764 1210 928 1262 yrsus
953 1194 1023 1246 ad
1045 1194 1294 1245 remedia
1313 1193 1522 1259 splenis
1547 1201 1601 1244 et
1620 1192 1874 1245 inflatio·

264 1279 380 1324 nes,
422 1263 679 1314 conditus
705 1279 773 1316 ex
796 1270 959 1315 aceto
983 1263 1282 1315 manditur.
1361 1265 1573 1314 Nervus
1597 1263 1716 1314 cius
1741 1279 1872 1315 cum

262 1330 533 1384 mastiche
558 1331 698 1384 Chia
717 1333 1206 1384 commanducatus
1231 1349 1294 1384 os
1313 1339 1532 1400 purgat.

333 1401 620 1452 Ruborum
666 1415 797 1453 rosa
834 1402 1114 1469 alopecias
1156 1417 1276 1453 cum
1313 1404 1560 1468 axungia
1595 1404 1872 1455 emendat.

265 1472 431 1522 Mora
450 1471 713 1537 capillum
752 1471 974 1539 tingunt
1012 1487 1135 1522 cum
1160 1472 1490 1540 omphacino
1516 1472 1662 1524 oleo.
1733 1472 1872 1525 Flos

261 1543 399 1592 mori
444 1556 543 1607 per
584 1556 791 1593 messes
838 1542 1144 1611 colligitur.
1219 1542 1499 1594 Candidus
1559 1542 1872 1609 pleuriticis

260 1611 591 1677 praecipuus
618 1626 685 1662 ex
708 1612 837 1662 vino
860 1618 1042 1677 potus,
1077 1614 1210 1663 item
1233 1612 1515 1664 coeliacis.
1590 1612 1774 1663 Radix
1797 1614 1867 1663 ad

260 1680 461 1733 tertias
504 1679 755 1743 decocta,
796 1679 979 1731 alium
1023 1679 1197 1743 sistit,
1237 1688 1357 1733 ets
1331 1696 1428 1733 san
1437 1684 1688 1747 guinem:
1731 1683 1868 1734 item

261 1750 455 1801 dentes
481 1750 729 1801 collutos
744 1751 995 1803 decocto.
1073 1719 1283 1803 Eod’em
1309 1766 1479 1803 succo
1501 1752 1761 1803 foventur
1777 1769 1864 1805 se-

260 1820 345 1871 dis
369 1830 534 1889 atquc
556 1820 885 1889 genitalium
908 1821 1155 1873 hulcera.
1229 1820 1382 1871 Cinis
1416 1836 1446 1873 e
1466 1822 1654 1873 radice
1677 1822 1858 1889 depri-

260 1891 359 1942 mit
382 1905 563 1942 uvam.

327 1958 553 2011 LXXV.
594 1959 791 2011 Idaeus
816 1961 983 2011 rubus
1025 1959 1339 2025 appellatus
1363 1974 1476 2022 est,
1523 1961 1781 2027 quoniam
1804 1962 1864 2013 in

256 2029 355 2080 Ida
374 2044 484 2079 non
504 2029 647 2080 alius
670 2030 937 2081 nascitur.
982 2031 1086 2081 Est
1097 2038 1279 2081 autem
1306 2031 1556 2083 tenerior
1577 2046 1642 2081 ac
1667 2030 1862 2095 minor,

262 2099 569 2151 rarioribus
592 2099 822 2151 calamis
844 2100 1456 2166 innocentioribusque,
1479 2101 1581 2152 sub
1605 2102 1860 2153 arborum

257 2168 454 2221 umbra
478 2184 728 2221 nascens.
802 2170 984 2220 Huius
1023 2168 1126 2220 flos
1157 2185 1279 2221 cum
1303 2170 1468 2221 melle
1491 2170 1769 2237 epiphoris
1791 2170 1858 2223 il·

257 2238 472 2302 linitur,
514 2246 572 2291 et
592 2239 823 2307 ignibus
856 2238 1061 2290 sacris·
1103 2237 1568 2307 stomachicisque
1610 2251 1678 2291 cx
1719 2254 1857 2307 aqua

255 2307 523 2427 gibendus
546 2308 595 2359 d·
597 2315 727 2362 itur.
802 2310 1003 2361 Cetera
1025 2308 1215 2361 eadem
1240 2316 1504 2377 praestat,
1531 2324 1673 2378 quae
1695 2324 1858 2375 supra

303 2378 413 2428 icta

312 2446 584 2498 Lxxvl
621 2448 775 2499 Inter
798 2464 1001 2515 genera
1034 2446 1295 2501 ruborum
1339 2448 1598 2503 rhamnos
1625 2446 1855 2517 appella-

264 2522 354 2565 tur
378 2532 410 2565 a
432 2516 692 2580 Giaecis,
715 2517 1009 2569 candidior
1033 2522 1087 2569 et
1108 2518 1447 2571 fruticosior.
1503 2521 1558 2570 Is
1581 2519 1755 2581 floret,
1777 2534 1859 2570 ra-

264 2600 384 2635 mos
408 2594 673 2653 spargens
698 2590 869 2638 rectis
895 2588 1124 2649 aculeis,
1149 2602 1284 2649 non,
1309 2593 1382 2639 ut
1393 2590 1584 2646 ceteri,
1610 2588 1854 2645 aduncis·

264 2654 417 2706 foliis
440 2654 757 2721 maioribus.
833 2655 1077 2708 Alterum
1125 2672 1298 2723 genus
1338 2668 1424 2709 est
1464 2658 1734 2716 silvestre,
1773 2658 1852 2708 ni-

264 2726 433 2793 grius,
461 2730 517 2777 et
538 2714 939 2791 quadamtenus
958 2726 1179 2778 rubens.
1218 2726 1353 2779 Fert
1371 2728 1542 2780 veluti
1567 2725 1853 2784 folliculos.
