2033 3044
337 144 440 200 258
719 144 780 201 C.
813 141 1097 199 PL1N11
1163 140 1533 196 ssscuhml

337 262 474 314 uaca
505 259 814 310 excoctum,
852 246 906 300 si
931 246 1161 302 bibatur
1190 245 1241 298 is
1269 246 1461 314 liquor,
1502 243 1751 298 remedio
1770 259 1898 298 esse.

335 319 409 370 Et
424 317 719 386 corrigiam
741 319 988 368 caninam
1011 322 1096 367 ter
1109 314 1253 366 collo
1278 314 1693 366 circumdatam:
1728 316 1898 366 fimum

336 385 706 438 columbinum
727 386 858 438 vino
884 392 942 439 et
962 385 1087 438 oleo
1112 385 1459 450 perniixtum.
1529 385 1771 436 Cervicis
1790 399 1899 435 ner·

333 457 415 504 vis
438 463 495 507 et
520 454 900 521 opisthotonO,
925 469 995 507 ex
1015 454 1174 508 milvi
1196 455 1326 506 nido
1348 454 1601 506 surculus
1625 452 1805 504 viticis
1818 451 1897 504 ad-

333 523 595 592 alligatus
635 524 896 576 auxiliari
939 523 1156 577 dicitur.
1186 573 1191 580 ,
1264 523 1503 576 strumis
1551 521 1897 577 exhulceratis

334 593 606 646 mustelae
623 593 873 660 sanguis:
915 593 1039 659 ipsa
1061 592 1293 646 decocta
1313 593 1369 644 in
1393 593 1523 644 vino
1546 610 1559 644 ε
1600 609 1711 644 non
1732 599 1893 644 tamen

333 663 501 716 sectis
523 664 864 720 admovetur.
933 664 1101 714 Aiunt
1132 669 1191 720 et,
1220 661 1341 716 cibo
1372 668 1613 715 sumtam
1632 662 1779 714 idem
1796 659 1891 714 effi-

333 747 476 786 cere.
547 731 652 787 Vel
673 733 845 786 cineri
866 733 984 783 eius
1003 734 1295 786 sarmentis
1318 733 1639 786 combustae
1657 734 1893 784 miscetur

335 802 592 869 axungia.
678 802 946 855 Lacertus
988 801 1183 860 viridis
1220 800 1595 868 adalligatur:
1631 807 1759 867 post
1792 799 1889 850 dies

332 871 490 922 XXX
509 877 731 938 oportet
751 871 922 923 alium
953 871 1270 936 adalligari,
1338 869 1578 932 Quidam
1602 886 1699 922 cor
1718 872 1829 923 eius
1844 869 1891 919 in

334 945 596 1008 argenteo
634 941 856 992 vasculo
901 944 1139 1002 servant,
1180 939 1251 990 ad
1287 937 1619 998 ‚feminarum
1638 987 1645 996 ,
1662 948 1890 992 stru-iss.

333 1007 567 1062 Veteres
611 1009 871 1062 cochleae
911 1023 1037 1060 cum
1074 1015 1222 1060 testa
1258 1023 1361 1060 sua
1407 1017 1565 1064 tusae
1608 1010 1889 1065 illinuntur,

331 1081 575 1130 maxime
597 1095 733 1146 quae
764 1077 1019 1130 frutectis
1050 1077 1370 1132 adhaerent.
1440 1079 1583 1132 Item
1616 1081 1753 1132 cinis
1768 1077 1885 1144 aspi·

335 1146 462 1203 dum
487 1163 607 1206 cum
629 1163 760 1202 sevo
791 1148 1014 1201 taurino
1050 1149 1367 1214 imponitur.
1406 1185 1413 1204 2
1436 1149 1715 1216 Anguinus
1741 1147 1887 1214 adeps

335 1216 540 1269 mixtus
563 1216 688 1268 oleo
703 1236 722 1274 ,ε
765 1220 898 1280 item
919 1217 1178 1286 anguium
1203 1218 1340 1270 cinis
1364 1231 1435 1270 ex
1458 1218 1585 1271 oleo
1606 1218 1793 1280 illitus,
1814 1215 1885 1266 vel

336 1300 456 1337 cum
482 1300 624 1338 cera.
645 1285 845 1341 Edisse
867 1301 1085 1354 quoque
1106 1302 1202 1339 eos
1218 1287 1450 1348 medios,
1461 1288 1721 1340 abscissis
1736 1287 1883 1340 utriu-

333 1368 438 1420 que
458 1353 721 1406 extremis
743 1357 994 1417 artubus,
1016 1355 1280 1408 adversus
1296 1361 1541 1418 strumas
1563 1357 1799 1424 prodest:
1814 1352 1889 1405 vel

335 1423 570 1474 cinerem
593 1423 802 1477 bibisse
823 1425 880 1476 iu
900 1439 1043 1476 novo
1072 1425 1231 1478 fictili
1261 1427 1343 1478 ita
1366 1432 1776 1486 crematorum,
1790 1421 1884 1474 effi-

334 1491 518 1545 cacius
541 1491 714 1545 multo
737 1495 884 1549 inter
905 1494 1041 1554 duas
1064 1496 1275 1561 orbitas
1298 1497 1623 1548 occisorum.
1670 1497 1740 1549 Et
1756 1493 1884 1564 gryl-
1977 1524 1978 1535 2

332 1562 686 1621 lumillinire
717 1579 838 1615 cum
869 1579 972 1616 sua
996 1570 1155 1635 terra
1182 1565 1445 1630 effossum
1480 1564 1739 1620 suadent:
1774 1564 1886 1615 item
1977 1570 1978 1579 ¹

331 1632 517 1691 limum
541 1633 913 1687 columbarum
943 1648 1043 1702 per
1074 1650 1155 1697 se,
1197 1633 1288 1688 vel
1322 1648 1442 1685 cum
1472 1633 1659 1688 farina
1688 1632 1887 1687 hordea—

333 1718 449 1771 cea,
468 1709 566 1755 aut
587 1718 862 1758 avenacea
885 1720 952 1755 ex
963 1711 1142 1757 aceto.
1180 1704 1391 1770 Talpae
1414 1703 1651 1757 cinerem
1673 1720 1739 1766 ex
1748 1701 1885 1755 melle

331 1773 558 1829 illinire.
628 1773 736 1827 Alii
768 1773 918 1825 iecur
948 1772 1191 1825 eiusdem
1222 1775 1523 1827 contritum
1562 1775 1885 1827 intermunus

333 1842 580 1907 illinunt,
623 1849 680 1895 et
708 1843 894 1895 triduo
935 1857 1043 1893 non
1082 1842 1326 1895 abluunt.
1397 1842 1671 1895 Dextrum
1704 1854 1885 1910 quoque

333 1913 531 1979 pedem
575 1912 710 1977 eius„
733 1911 984 1965 remedio
1026 1926 1146 1965 esse
1178 1912 1403 1963 strumis
1447 1912 1736 1965 affirmant.
1796 1908 1887 1963 Alii

332 1981 662 2049 praecidunt
687 1987 872 2048 caput,
911 1987 968 2033 et
999 1996 1121 2033 cum
1145 1986 1297 2033 terra
1316 1995 1351 2032 a
1383 1981 1548 2049 talpis
1572 1984 1805 2035 excitata
1819 1986 1887 2031 tu·

335 2066 453 2102 sum
477 2052 730 2119 digerunt
751 2052 807 2103 in
830 2050 1107 2118 pastillos,
1129 2046 1334 2119 'pyxide
1354 2057 1603 2115 stannea,
1624 2062 1681 2103 et
1694 2056 1889 2103 utuntur

337 2120 408 2173 ad
429 2122 611 2172 omnia
631 2135 770 2187 quae
787 2120 1177 2183 intumescunt,
1218 2127 1277 2172 et
1297 2134 1437 2189 quae
1460 2127 1799 2187 apostemata
1815 2133 1890 2173 vo·

337 2194 480 2251 cant,
519 2205 766 2258 quaeque
795 2191 852 2240 in
879 2188 1097 2242 cervice
1134 2191 1270 2240 sint:
1310 2191 1563 2257 vescique
1594 2190 1758 2245 suilla
1784 2197 1891 2241 tune

335 2265 542 2310 vetant.
613 2259 788 2311 Tauri
808 2264 1078 2309 vocantur
1096 2258 1378 2313 scarabaei
1396 2266 1710 2323 terrestres,
1742 2261 1889 2323 ricino

337 2328 577 2380 similes:
619 2343 819 2381 nomen
867 2327 1153 2396 cornicula
1194 2328 1413 2383 dedere.
1482 2329 1593 2381 Alii
1634 2328 1891 2398 pediculos

336 2405 522 2449 terrae
541 2404 760 2467 vocant.
783 2452 788 2457 ,
830 2398 909 2449 Ab
937 2396 1026 2448 his
1055 2412 1269 2465 quoquc
1302 2404 1509 2452 terrani
1534 2406 1773 2467 egestam
1802 2396 1895 2448 illi·

339 2472 476 2517 nunt
499 2467 741 2529 strumis,
779 2471 840 2518 et
859 2466 1137 2519 similibus
1158 2466 1323 2529 vitiis,
1366 2473 1422 2519 et
1443 2468 1719 2537 podagris.
1784 2466 1891 2518 'l'ri-

340 2532 452 2585 duo
475 2549 586 2585 non
608 2536 865 2587 abluunt:
911 2536 1245 2603 prodestque
1277 2534 1417 2590 haec
1444 2538 1719 2589 medicina
1744 2537 1799 2589 in
1818 2550 1895 2587 an-

341 2614 488 2651 num.
561 2606 870 2670 Omniaque
888 2602 974 2656 his
993 2604 1328 2667 adscribunt,
1360 2617 1502 2672 quae
1521 2621 1623 2658 nos
1645 2608 1697 2657 in
1716 2605 1893 2674 gryllis

268 2728 278 2747 1
342 2667 650 2731 retulimus.
723 2672 956 2733 Quidam
999 2679 1059 2727 et
1095 2690 1130 2727 a
1170 2673 1419 2729 formicis
1446 2680 1599 2731 terra
1619 2682 1805 2745 egesta
1826 2674 1895 2729 sie
