2033 3044
317 159 448 212 ’190
743 161 803 210 C.
843 159 1126 213 PLlNu
1160 156 1528 211 ssscunm

293 266 319 294 x
507 260 522 274 .
593 262 606 274 .
749 265 762 276 .
1467 261 1483 274 .

309 351 316 360 -
341 262 700 392 {witz
717 259 1942 396 :zss’isszzzsszassg‘z'x'sssxitum:

343 406 442 450 aut
475 397 757 465 phau-icon,
801 405 900 452 aut
919 398 1262 464 dorycnium,
1302 403 1361 448 et
1379 398 1431 447 si
1450 398 1751 464 coagulum
1774 397 1943 448 alicui

309 496 318 508 ι
349 471 626 520 nocueritz
671 483 796 520 nam
829 469 885 518 id
917 482 1139 533 quoque
1170 481 1439 518 venenum
1464 475 1552 518 est
1574 467 1761 533 prima
1782 467 1946 516 lactis

309 559 314 564 ·
349 537 758 604 coagulatione.
831 537 1045 588 Multos
1085 537 1215 586 eius·
1248 541 1307 586 et
1346 536 1491 588 alios
1522 551 1656 587 usus
1682 535 1945 586 dicemus.

351 606 459 658 Sed
499 606 812 658 meminisse
847 605 1129 670 oportebit
1162 604 1371 655 recenti
1388 605 1679 665 utendum,
1718 611 1945 654 autnon

351 675 528 726 multo
552 681 749 741 postea
768 674 1066 740 tepefacto.
1138 671 1363 724 Nullum
1387 675 1533 724 enim
1554 673 1795 726 celerius
1814 686 1945 723 eva-

350 744 544 796 nescit.
581 743 723 793 Ossa
743 756 960 810 quoque
983 741 1125 792 asini
1148 741 1439 793 confracta
1458 749 1515 794 et
1537 743 1793 804 decocta,
1810 754 1941 792 con·

348 819 438 863 tra
457 811 666 878 leporis
688 811 889 862 aial-ini
929 825 1193 862 venenum
1232 809 1451 861 dantur.
1522 812 1728 863 Omnia
1749 809 1945 862 eadem

349 881 575 946 onagris
619 878 948 931 efficaciora.
1020 879 1105 930 De
1146 878 1411 944 equiferis
1442 894 1555 930 nou
1599 880 1944 944 scripserunt

347 950 566 1010 Graeci,
587 948 847 1015 quoniam
871 955 1055 1000 terrae
1072 946 1207 998 illae
1228 963 1336 998 mvn
1356 949 1679 1015 gignebant.
1716 945 1943 1000 Verum-

351 1025 537 1069 tamen
560 1017 800 1068 fortiora
823 1019 1007 1067 omnia
1032 1017 1246 1079 eadem,
1291 1031 1452 1082 quam
1475 1017 1533 1067 in
1554 1018 1713 1083 equis
1731 1015 1941 1068 intelli·

347 1089 404 1155 gi
425 1087 643 1140 debent.
714 1087 888 1138 Lacte
909 1085 1109 1152 equino
1130 1099 1339 1136 venena
1367 1084 1579 1151 leporis
1601 1085 1807 1136 marini
1823 1121 1843 1146 ,
1892 1091 1943 1135 et
2007 1129 2008 1132 ,

349 1158 537 1208 toxica
575 1162 976 1222 expugnantur.
1048 1153 1166 1204 Nec
1186 1169 1321 1204 uros
1340 1163 1438 1204 aut
1464 1154 1721 1206 bisontes
1740 1153 1943 1205 habue-
2007 1161 2008 1228 j

347 1231 477 1276 runt
501 1225 706 1275 Graeci
745 1227 800 1274 in
841 1223 1259 1288 experimentis,
1298 1237 1617 1290 quanquam
1657 1225 1805 1276 bove
1824 1223 1941 1274 fero
2007 1237 2008 1302 ἦ

349 1291 576 1344 refertis
607 1292 798 1344 indiae
817 1293 1002 1343 silvisz
1050 1291 1310 1356 portione
1330 1297 1516 1345 tamen
1536 1291 1741 1345 eadem
1760 1291 1943 1344 effica·
2007 1313 2008 1358 3

349 1360 504 1412 ciora
523 1359 706 1411 omnia
744 1375 810 1412 ex
835 1359 920 1411 his
953 1360 1103 1411 credi
1137 1375 1239 1425 par
1258 1366 1360 1412 est.
1434 1360 1528 1412 Sic
1547 1375 1775 1428 quoque
1798 1359 1943 1412 lacte

317 1461 324 1466 ·
347 1429 552 1481 bubulo
588 1436 790 1480 cuncta
819 1445 1031 1480 venena
1070 1432 1373 1497 expugnari
1411 1429 1660 1490 tradunt,
1706 1432 1943 1482 maxime

349 1512 518 1564 supra
539 1497 712 1555 dictat
751 1503 809 1550 et
837 1498 891 1550 si
915 1498 1268 1565 ephemerum
1298 1499 1597 1565 impactum
1628 1499 1743 1551 sita
1774 1505 1881 1551 aut
1898 1497 1943 1549 si

347 1566 704 1620 cantharides
725 1568 902 1629 datae,
923 1568 1227 1621 vomitione
1244 1570 1432 1621 omnia
1454 1569 1637 1637 egerit
1668 1570 1757 1621 sic
1776 1575 1841 1623 et
1862 1585 1943 1619 αι·

347 1638 507 1705 prino
529 1638 650 1689 iure
671 1635 1045 1689 cantharidas.
1118 1638 1325 1687 Contra
1344 1652 1411 1689 ea
1430 1652 1563 1689 vero
1588 1652 1735 1703 quae
1752 1637 1942 1691 exhal-

347 1707 632 1761 ceratione
653 1713 898 1769 enecant,
919 1706 1109 1757 sebum
1133 1705 1426 1757 vitulinum
1448 1707 1536 1761 vel
1556 1707 1833 1759 bubulum
1854 1721 1942 1758 au·

347 1776 594 1831 xiliatur.
663 1775 802 1827 Nam
843 1781 1041 1827 contra
1083 1775 1449 1843 sanguisugas
1480 1780 1643 1843 potas
1674 1776 1939 1843 butyrum

346 1845 594 1899 remedio
615 1850 718 1906 est,
741 1860 865 1895 cum
886 1849 1050 1895 aceto
1072 1842 1223 1895 ferro
1242 1843 1547 1895 calefacto:
1594 1844 1745 1911 quod
1768 1850 1829 1896 et
1852 1858 1941 1911 per

349 1931 410 1967 se
433 1915 661 1981 prodest
685 1919 877 1964 contra
896 1926 1126 1963 venena.
1172 1912 1315 1963 Nam
1329 1915 1383 1964 si
1404 1912 1590 1965 oleum
1614 1929 1729 1964 non
1752 1915 1851 1975 sit,
1872 1913 1945 1963 vi·

349 1999 468 2036 cem
491 1984 610 2037 eius
631 1986 1030 2047 repraesentat.
1050 1979 1402 2046 Multipedae
1424 1996 1642 2033 morsus
1664 1997 1791 2032 cum
1818 1982 1947 2033 mel-

347 2053 404 2105 le
423 2057 600 2104 sanat.
623 2051 812 2101 omasi
833 2064 1050 2115 quoque
1070 2051 1193 2101 iure
1211 2055 1345 2115 poto
1366 2065 1578 2103 venena
1602 2066 1775 2116 supra
1798 2050 1948 2101 dicta

349 2120 654 2188 expugnari
677 2125 900 2186 putant,
940 2119 1197 2184 privatim
1218 2132 1353 2170 vero
1382 2121 1609 2171 aconita
1630 2126 1687 2170 et
1706 2121 1947 2171 cicutas:
2005 2176 2006 2179 Ἴ

347 2190 594 2255 itemque
615 2187 858 2239 vitulino
879 2202 1029 2239 sevo.
1106 2188 1373 2253 Caprinus
1394 2196 1601 2240 caseus*
1611 2202 1830 2249 recens,
1863 2187 1947 2238 his

323 2286 328 2293 ·
349 2260 445 2328 qui
465 2258 671 2309 viscum
691 2256 959 2309 bibes-inta-
989 2256 1079 2308 lac
1098 2270 1231 2307 vero
1255 2261 1451 2309 contra
1472 2255 1843 2308 cantharidas
1864 2271 1945 2305 ro-

325 2326 532 2381 .medio
575 2331 678 2387 est,
715 2331 773 2378 et
817 2332 1010 2377 contra
1032 2323 1312 2391 ephemeri
1328 2330 1522 2391 potum
1560 2339 1682 2375 cum
1714 2326 1950 2377 taminia

350 2410 474 2447 uva.
515 2393 754 2460 Sanguis
773 2394 1029 2459 caprinus
1052 2393 1314 2446 decoctus
1334 2409 1457 2447 cum
1470 2393 1728 2445 'medulla
1748 2400 1951 2446 contra

349 2463 538 2512 toxica
571 2478 782 2515 venena
817 2464 1087 2515 sumitur:
1155 2463 1430 2515 hoedinus
1471 2468 1671 2517 contra
1708 2463 1947 2530 reliqua.

349 2527 661 2593 coagulum
705 2530 877 2582 hoedi
915 2537 1113 2582 contra
1129 2532 1344 2582 viscum
1358 2566 1375 2594 ,
1414 2538 1474 2584 et
1492 2529 1947 2585 chamaeleonem
2002 2570 2004 2573 ⁴

327 2591 551 2670 album,
593 2603 1029 2667 sanguinemque
1050 2601 1351 2663 taurinum,
1392 2606 1585 2652 contra
1604 2614 1775 2667 quem
1796 2608 1861 2653 et
1878 2600 1947 2652 le-

351 2672 502 2722 poris
525 2665 820 2730 coagulum
841 2674 932 2719 est
949 2682 1022 2721 ex
1042 2674 1219 2723 aceto.
1262 2670 1472 2723 Contra
1488 2670 1843 2737 pastinaca-n
1864 2684 1949 2723 ve-
