2033 3044
264 87 952 177 NATURRIS‘roR‘.
993 124 1160 177 Lm.
1194 124 1389 179 xxv.
1428 122 1630 190 10-17,
1702 124 1785 178 51„

184 234 270 281 tur
287 228 586 296 pinguibus
605 228 764 279 locis.
807 228 996 279 Huius
1024 226 1127 278 flos
1148 227 1575 293 efficacissimus,
1598 245 1775 298 eoque

181 300 430 364 amplius,
453 314 617 365 quam
641 310 813 363 supra
833 298 1000 359 dicta,
1020 297 1269 363 prodest.

242 366 389 423 XlV.
431 370 482 417 7.
511 367 786 428 Quartum
811 380 984 433 genus
1007 367 1239 433 panacis
1274 368 1343 419 ab
1368 368 1559 420 eodem
1585 367 1775 422 Chiro-

181 454 246 491 ne
265 442 571 505 repertum,
597 438 922 489 centaurion
945 439 1399 505 cognominatur:
1424 438 1522 490 sed
1543 448 1597 489 et
1610 438 1779 491 Phar·

183 524 404 571 naccon,
427 508 485 559 in
512 510 896 559 controversia
919 509 1281 568 inventionis,
1326 522 1361 559 a
1383 506 1667 559 Pharnace
1686 525 1776 561 re-

182 594 245 647 ge
265 578 591 630 deductum.
665 576 884 629 Seritur
905 576 1029 641 hoc,
1052 576 1419 643 longioribus,
1450 593 1613 645 quam
1636 586 1782 630 cete-

183 664 257 711 ra,
291 648 472 711 foliis,
517 657 576 701 et
595 647 845 700 serratis.
915 648 1101 699 Radix
1121 648 1357 699 odorata
1377 648 1434 698 in
1456 648 1652 699 umbra
1672 650 1778 699 sic-

183 726 352 782 catur,
375 719 620 784 vinoque
642 719 880 785 gratiam
905 718 1115 769 adiicit.
1139 718 1323 769 Huius
1344 732 1551 785 genera
1573 718 1683 769 duo
1704 717 1783 771 fe-

183 804 320 849 cere,
344 788 587 841 alterum
611 788 786 839 laevis
808 786 951 849 folii,
974 788 1211 840 alterum
1235 788 1473 839 tenuius.-

249 858 364 911 XV.
401 858 456 910 8.'
480 856 804 909 Heracleon
842 857 1091 909 siderion
1136 864 1191 910 et
1232 859 1413 923 ipsum
1445 858 1516 909 ab
1540 856 1783 909 Hercule

182 928 461 980 inventum
487 934 593 988 est,
635 927 794 979 caule
815 928 968 978 tenui
1009 928 1313 997 digitorum
1338 934 1577 995 quatuor
1596 928 1783 979 altitu·

182 998 323 1063 dine,
346 998 490 1049 flore
515 996 778 1059 Puniceo,
814 994 968 1047 foliis
990 998 1291 1049 coriandri.
1365 1000 1529 1049 luxta
1548 997 1701 1049 lacus
1726 1004 1784 1051 et
1871 996 1886 1013 ⁶

183 1084 366 1121 amnes
385 1068 694 1131 invenitur,
739 1066 1032 1137 omniaque
1052 1068 1285 1119 vulnera
1308 1066 1459 1120 ferro
1479 1068 1647 1119 illata
1668 1068 1783 1119 effi-

183 1139 468 1191 cacissime
491 1142 672 1189 sanat-

245 1208 398 1261 XVI.
436 1208 488 1257 9.
515 1208 620 1257 Est
641 1204 896 1258 Chironis
916 1208 1203 1261 inventum
1228 1208 1495 1275 ampelos,
1528 1222 1668 1277 quae
1688 1222 1781 1259 vo-

183 1284 334 1329 catur
354 1276 643 1338 Chironia,
683 1277 752 1328 de
771 1292 876 1344 qua
899 1276 1139 1329 diximus
1161 1278 1307 1331 inter
1328 1279 1482 1343 vites,
1526 1279 1699 1331 sicuti.
1714 1276 1783 1331 de

183 1344 366 1411 herba,
389 1349 547 1399 cuius
567 1348 815 1399 inventio
839 1348 1157 1415 assignatur
1174 1350 1473 1401 Minervae.
1668 1390 1673 1397 .

247 1416 422 1469 xvss.
459 1413 546 1468 10.
573 1418 809 1469 Herculi
841 1434 966 1470 eam
1003 1433 1219 1485 quoque
1242 1418 1593 1481 adscribunt,
1637 1434 1781 1488 quae

183 1486 531 1555 Apollinaris
550 1525 564 1550 ,
613 1486 756 1555 apud
777 1488 986 1542 Arabas
1019 1489 1318 1541 altercum:
1338 1525 1344 1532 -
1364 1490 1507 1556 apud
1534 1490 1781 1542 Graecos

181 1573 312 1610 vero
354 1557 738 1626 hyoscyamus
781 1558 1109 1624 appellatur.
1184 1559 1352 1610 Plura
1390 1561 1507 1611 eius
1550 1575 1782 1626 genera:

185 1643 348 1680 unum
371 1628 538 1695 nigro
561 1628 794 1690 semine,
815 1628 1043 1681 floribus
1064 1643 1237 1694 paene
1261 1631 1575 1694 purpureis,
1595 1632 1783 1696 spino-

183 1711 317 1748 sum.
360 1698 526 1750 Talis
552 1698 800 1749 nascitur
819 1698 878 1748 in
897 1698 1140 1749 Galatia.
1178 1699 1423 1764 Vulgare
1446 1706 1630 1749 autem
1656 1715 1783 1749 can-

187 1766 368 1819 didius
391 1773 499 1830 est,
523 1772 584 1818 et
603 1765 946 1828 fruticosius,
969 1766 1136 1817 ultius
1158 1779 1451 1832 papavere.
1496 1769 1537 1816 Ἰ
1548 1768 1679 1817 ertii
1696 1777 1781 1816 se-

183 1851 304 1890 men
323 1837 532 1889 irionis
555 1837 751 1888 semini
767 1836 950 1888 simile
965 1855 980 1886 ε
1001 1844 1058 1887 et
1070 1838 1256 1886 omnia
1270 1833 1535 1886 insaniam
1552 1835 1786 1902 gignen-

183 1907 280 1970 tia,
299 1907 616 1976 capitisque
636 1907 952 1974 vertigines.
999 1906 1277 1968 Quartum.
1298 1920 1471 1972 genus
1494 1904 1683 1966 molle,
1704 1904 1783 1956 la·

183 1977 538 2044 nuginosum‚
563 1976 822 2044 pinguius
847 1975 1067 2038 ceteris,
1086 1974 1308 2027 candidi
1329 1975 1573 2037 seminis,
1591 1974 1645 2026 in
1670 1989 1785 2026 ma-

183 2047 386 2098 ritimis
409 2061 672 2099 nascens:
711 2046 818 2098 hoc
835 2060 1095 2114 recepere
1115 2044 1335 2098 medici.
1402 2045 1539 2098 Item
1565 2046 1670 2096 rufi
1694 2060 1780 2098 se-

181 2117 364 2170 minis.
439 2117 846 2183 Nonnunquam
885 2125 1070 2169 autem
1112 2115 1409 2168 candidum
1440 2114 1691 2178 rufescit,
1735 2115 1787 2168 si

179 2202 288 2240 non
308 2189 639 2248 ematuruit,
678 2187 1149 2254 improbaturque.
1222 2185 1299 2237 Et
1319 2186 1530 2253 alioqui
1551 2185 1783 2250 nullum,

183 2257 286 2310 nisi
307 2273 436 2310 cum
459 2256 690 2318 inaruit,
714 2256 941 2323 legitur.
995 2257 1210 2308 Natura
1230 2256 1359 2318 vini,
1379 2256 1617 2323 ideoque
1638 2272 1787 2309 men-

181 2333 290 2381 tem
311 2333 600 2394 caputque
621 2323 908 2378 infestans.
978 2327 1125 2378 Usus
1154 2326 1385 2377 seminis
1410 2333 1467 2376 ot
1490 2341 1587 2392 per
1608 2341 1686 2388 se,
1728 2333 1785 2378 et

180 2412 348 2452 succo
371 2409 664 2464 expresso.
720 2397 1081 2462 'Exprimitur
1101 2400 1417 2463 separatim,
1454 2401 1513 2448 et
1532 2397 1783 2448 caulibus

177 2465 482 2535 foliisque:
527 2470 762 2518 utuntur
783 2473 842 2518 et
861 2465 1067 2528 radice,
1096 2465 1400 2518 *temeraria
1418 2468 1471 2516 in
1496 2472 1671 2518 totum
1698 2475 1785 2532 (ut

179 2538 456 2600 arbitror)
481 2533 774 2587 medicina.
797 2536 1014 2602 Quippe
1039 2535 1209 2587 etiam
1234 2535 1387 2586 foliis
1402 2544 1623 2588 constat
1636 2553 1785 2590 men·

179 2611 289 2662 tem
310 2603 688 2670 corrumpi,si
704 2604 862 2671 plura
875 2620 1037 2672 quam
1054 2605 1577 2672 quatuorbibantur.
1600 2609 1782 2660 Etiam

181 2676 406 2748 ntiqui
448 2675 513 2728 in
557 2673 683 2727 vino
715 2674 927 2730 febrem
959 2675 1170 2749 depelli
1209 2675 1640 2798 aigitgabantur.
1714 2676 1789 2725 Et
