2033 3044
253 178 321 232 58
625 178 682 229 C.
752 174 1023 228 PLINII
1098 173 1463 227 SECUNDI

252 294 482 347 mosque
507 284 740 348 utraque
763 278 833 329 ad
867 292 1004 327 usus
1038 293 1136 345 per
1166 294 1243 341 se,
1285 287 1341 331 et
1364 282 1509 329 inter
1530 277 1645 328 alia
1668 276 1727 328 in
1754 292 1859 329 an-

251 346 463 402 tidotis.
979 363 986 374 ¹
1082 394 1086 399 .

320 416 572 471 xxvln.
597 414 680 469 1⁷.
719 414 1112 479 Polemoni-am,
1136 416 1234 465 alii
1253 416 1671 479 philetaeriam,
1688 432 1723 467 a
1744 430 1869 468 cer-

247 490 458 541 tamine
491 504 684 554 regum
729 486 1061 537 inventionis
1100 486 1401 551 appellant.
1490 485 1864 552 Cappadoces

249 566 434 611 autem
459 557 940 623 chiliodynamam,
969 555 1159 607 radice
1186 570 1389 617 crassa,
1412 556 1650 607 exilibus
1666 560 1865 619 ramis,

251 630 450 695 quibus
465 629 526 678 in
548 626 776 695 summis
797 625 1051 691 corymbi
1074 624 1407 691 dependent,
1428 626 1589 691 nigro
1612 628 1859 679 semine:

251 704 439 751 cetero
459 703 620 748 rutae
639 696 856 745 similis.
927 694 1185 745 Nascitur
1206 694 1262 744 in
1288 694 1611 746 montuosis,

321 767 524 819 XXIX.
549 766 630 815 18.
652 764 962 829 Eupatoria
981 777 1202 831 quoque
1226 766 1430 829 regiam
1457 764 1861 816 auctoritatem

253 836 440 897 habet,
457 836 633 887 caulis
655 834 879 899 lignosi,
923 833 1262 899 nigricantis,
1302 832 1523 894 hirsuti,
1568 833 1862 896 cubitalis,

255 912 315 958 et
335 904 633 972 aliquando
658 902 962 969 amplioris,
976 902 1132 953 foliis
1156 916 1255 968 per
1272 904 1567 954 intervalla
1588 906 1861 969 quinque-

257 974 399 1036 folii,
422 980 522 1025 aut
541 974 816 1033 cannabis,
861 984 959 1037 per
983 971 1247 1023 ambitum
1273 972 1461 1023 incisis
1490 973 1862 1039 quinquepar-

258 1045 383 1107 tito,
419 1045 594 1112 nigris
627 1050 682 1095 et
722 1042 880 1107 ipsis,
922 1041 1333 1108 plumosisque:
1368 1043 1555 1093 radice
1591 1055 1863 1108 superva-

257 1130 378 1167 cua.
449 1112 644 1166 Semen
676 1112 1040 1179 dysentericis
1071 1110 1127 1160 in
1156 1112 1285 1162 vino
1317 1117 1509 1177 potum
1550 1112 1867 1163 auxiliatur

257 1199 434 1236 umce.
1024 1220 1029 1225 .

329 1252 503 1303 XXX.
545 1248 628 1303 19.
669 1250 966 1303 centaurio
990 1258 1213 1304 curatus
1237 1252 1443 1305 dicitur
1466 1250 1690 1314 Chiron,
1734 1268 1870 1305 cum

257 1321 518 1373 Herculis
546 1320 766 1385 excepti
787 1318 1032 1386 hospitio
1054 1323 1419 1388 pertractanti
1442 1336 1613 1385 arma,
1642 1323 1871 1391 sagitta

259 1389 558 1443 excidisset
578 1390 636 1439 in
659 1388 878 1454 pedem:
919 1405 1089 1455 quare
1110 1392 1281 1459 aliqui
1306 1391 1609 1443 Chironion
1628 1398 1866 1445 vocant.

257 1460 419 1511 Folia
439 1464 568 1509 sunt
587 1459 707 1509 lata
723 1464 781 1509 et
803 1458 1061 1528 oblonga,
1084 1468 1301 1514 serrato
1328 1461 1558 1524 ambitu,
1592 1462 1772 1513 densa
1792 1463 1869 1513 ab

257 1529 462 1592 radice,
487 1529 672 1580 caules
697 1533 916 1580 ternum
935 1531 1273 1594 cubitorum,
1291 1532 1613 1600 geniculati.
1686 1534 1750 1584 ln
1774 1530 1867 1584 his

259 1599 441 1666 capita
460 1613 558 1649 ceu
580 1614 935 1665 papaverum.
1005 1601 1188 1652 Radix
1209 1610 1383 1664 vasta,
1420 1601 1739 1664 rubescens,
1775 1609 1871 1654 te·

257 1684 393 1722 nera
411 1668 753 1736 fragilisque,
777 1669 845 1719 ad
867 1669 1004 1722 bina
1022 1673 1228 1734 cubita,
1252 1672 1477 1724 madida
1492 1687 1680 1734 succo,
1704 1687 1865 1723 ama-

256 1755 322 1791 ra
340 1753 462 1790 cum
485 1739 717 1806 quadam
740 1739 1050 1794 dulcedine.
1122 1741 1386 1793 Nascitur
1403 1743 1460 1794 in
1483 1741 1722 1794 collibus
1744 1741 1870 1807 pin-

261 1810 359 1878 gui
389 1809 530 1861 solo.
598 1809 1016 1862 Laudatissima
1050 1811 1109 1860 in
1132 1812 1385 1874 Arcadia,
1422 1810 1605 1874 Elide,
1642 1811 1869 1864 Messe-

259 1880 372 1943 nia,
413 1878 640 1944 Pholoe,
666 1887 722 1932 et
739 1879 948 1947 Lycia:
989 1881 1125 1932 etin
1149 1881 1375 1946 Alpibus
1393 1896 1544 1944 vero,
1584 1881 1871 1946 plurimis·

260 1965 366 2018 que
387 1949 516 2001 aliis
537 1949 696 2001 locis.
771 1951 832 2001 ln
861 1949 1045 2016 Lycia
1078 1950 1297 2016 quidem
1336 1956 1393 2002 et
1422 1965 1491 2002 ex
1524 1965 1593 2002 ea
1618 1950 1867 2017 Lycium

260 2019 490 2070 faciunt.
560 2018 661 2070 Vis
699 2020 754 2070 in
783 2020 1101 2070 vulneribus
1135 2025 1320 2084 tanta,
1364 2027 1427 2071 ut
1460 2019 1868 2072 cohaerescere

262 2089 430 2142 etiam
465 2105 658 2141 carnes
698 2089 944 2153 tradant,
983 2088 1035 2138 si
1068 2097 1371 2156 coquantur
1400 2089 1583 2140 simul.
1653 2089 1719 2140 ln
1755 2104 1870 2140 usu

262 2159 424 2210 radix
442 2165 657 2212 tantum
685 2158 896 2211 duabus
919 2157 1201 2210 drachmis
1222 2159 1475 2222 bibenda,
1498 2158 1695 2227 quibus
1718 2158 1872 2210 dice-

263 2234 386 2278 tur:
423 2230 469 2278 si
491 2227 666 2280 febris
691 2234 783 2289 sit,
807 2230 863 2280 in
887 2243 1033 2294 aqua
1055 2230 1205 2289 trita,
1229 2229 1427 2280 ceteris
1450 2229 1509 2280 in
1526 2229 1675 2279 vino.
1735 2229 1865 2281 Me-

267 2297 433 2350 detur
449 2304 506 2349 et
524 2297 719 2349 iisdem
747 2298 956 2349 morbis
978 2297 1237 2350 decoctae
1261 2313 1471 2350 succus,

337 2367 538 2418 XXXI.
556 2369 642 2418 20.
679 2367 785 2418 Est
805 2368 1041 2419 alterum
1064 2371 1389 2420 centaurion
1416 2367 1745 2436 cognomine
1778 2367 1869 2419 le-

268 2439 425 2503 pton‚
461 2436 692 2487 minutis
732 2436 902 2499 foliis,
949 2437 1096 2502 quod
1140 2437 1313 2503 aliqui
1354 2437 1599 2489 libadion
1637 2443 1869 2499 vocant,

270 2504 529 2569 quoniam
571 2507 870 2556 secundum
891 2505 1077 2558 fontes
1097 2508 1360 2568 nascitur,
1402 2503 1639 2575 origano
1659 2506 1869 2568 simile,

271 2571 688 2635 angustioribus
719 2581 776 2626 et
807 2576 1156 2642 longioribus
1186 2575 1365 2638 foliis,
1405 2575 1674 2642 anguloso
1704 2575 1869 2626 caule

271 2637 557 2706 paululum
581 2642 716 2704 alto,
757 2644 1075 2706 fruticante,
1098 2644 1235 2696 flore
1263 2644 1557 2711 lychnidis,
1577 2644 1769 2694 radice
1786 2650 1874 2696 te·

293 2704 372 2758 *ui
401 2712 460 2759 et
479 2721 832 2774 supervacua,
870 2727 1037 2764 succo
1070 2715 1278 2764 efficax.
1350 2715 1475 2782 Ipsa
1508 2712 1678 2764 herba
1698 2717 1869 2764 autu·

2017 210 2023 341 ’ἱ
