2033 3044
225 154 526 208 NATUR.
565 155 910 209 HISTOR.
951 154 1109 207 LlB.
1140 156 1371 220 xxiv.
1407 156 1599 212 49-53.
1670 158 1736 213 21

161 265 226 318 ta,
266 258 519 321 iocineri,
565 260 810 319 renibus,
853 258 1111 325 hydropi,
1151 261 1295 311 tussi
1338 264 1503 313 etiam
1536 261 1742 323 suffitu,

157 328 430 394 magisque
451 344 576 379 cum
599 330 804 379 resina.
861 328 1197 383 Furfuribus
1221 328 1610 397 hulcerumque
1632 346 1743 385 ma-

157 398 398 447 nantibus
423 413 548 448 cum
575 396 806 463 myrrha
833 398 1080 449 decocta.
1154 398 1447 463 Excipitur
1468 406 1527 453 et
1547 416 1739 451 succus

153 467 284 529 eius,
303 468 476 533 fitque
499 466 742 517 elaterio
765 466 982 517 similis.
1054 466 1454 519 Efficacissima
1475 475 1661 519 autem
1682 470 1739 519 iu

154 536 292 587 omni
334 536 609 587 arundine
651 550 812 601 quae·
832 536 1091 601 proxima
1128 536 1326 588 radici.
1400 535 1660 589 Efficacia
1683 545 1740 589 et

151 605 410 669 genicula.
485 604 713 655 Arundo
737 605 962 671 Cypria,
984 620 1123 671 quae
1148 606 1329 659 donax
1351 612 1598 667 vocatur,
1624 620 1739 659 cor.-
1831 609 1835 613 '

151 672 264 723 ticis
299 675 484 725 cinere
525 673 805 739 alopecias
846 674 1123 726 emendat:
1183 676 1318 731 item
1359 676 1739 740 putrescentia

153 739 382 794 hulcera.
455 742 638 793 Foliis
683 745 800 802 eius
844 734 1307 802 ad‘extrahendos
1328 745 1551 799 aculeos
1574 751 1735 796 utun-

154 818 268 861 tur:
311 810 634 871 efficacibus
678 816 735 863 et
768 820 962 873 contra
1002 812 1159 879 ignes
1200 828 1410 876 sacros,
1454 814 1737 867 collectio.-

153 895 346 947 nesque
373 896 590 941 omnes.
663 878 930 947 vulgaris
953 882 1163 934 arundo
1188 888 1583 935 extractoriam
1622 884 1737 935 vim

152 945 322 1011 habet,
357 957 414 1001 et
436 965 632 1001 recens
672 954 838 1009 tusa„¹
862 966 974 1001 non
998 951 1051 999 in
1075 951 1263 1003 radice
1286 958 1517 1005 tantum.
1588 953 1734 1003 Mul-

139 1024 252 1079 tum
277 1022 424 1071 enim
451 1027 510 1071 et
529 1022 708 1087 ipsam
747 1019 1071 1071 arundinem
1094 1022 1279 1075 valere
1300 1022 1542 1075 tradunt.
1615 1021 1733 1072 Me·

149 1087 300 1155 detur
321 1094 380 1141 et
402 1090 628 1150 luxatis,
671 1095 730 1140 et
765 1090 960 1154 spinae
995 1088 1281 1141 doloribus
1318 1090 1477 1141 radix
1502 1092 1553 1141 in
1576 1097 1735 1143 aceto

147 1157 300 1208 illita.
376 1159 829 1221 Eademmecens
871 1157 1010 1209 trita
1037 1160 1095 1210 in
1118 1162 1241 1213 vino
1263 1165 1414 1225 pota,
1459 1158 1735 1213 Venerem
1801 1164 1803 1166 ’

148 1228 402 1289 concitat.
475 1226 822 1279 Arundinum
843 1227 1051 1293 lanugo
1070 1228 1219 1282 illita
1256 1229 1497 1291 auribu8‚
1538 1230 1733 1282 obtun-

147 1296 224 1347 dit
245 1298 516 1349 auditum.
1233 1318 1241 1325 ·

209 1383 299 1434 LI.
340 1385 596 1450 Cognata
615 1383 674 1432 in
697 1382 952 1448 Aegypto
973 1396 1060 1432 res
1083 1389 1168 1433 est
1188 1384 1449 1437 arundini
1470 1399 1735 1453 papyrus,

147 1452 474 1517 praecipuae
497 1452 778 1513 utilitatis,
814 1466 932 1501 cum
958 1453 1186 1514 inaruit,
1228 1454 1299 1504 ad
1334 1454 1602 1505 laxandas
1624 1458 1733 1509 sic·-

149 1522 452 1588 candasque
493 1522 745 1583 fistulati,
787 1527 844 1570 et
883 1522 1299 1574 innumescendo
1334 1524 1401 1574 ad
1444 1525 1735 1576 introitum

151 1591 680 1643 medicamentorum
711 1591 1053 1656 aperiendas.
1126 1589 1335 1643 Charta
1374 1609 1517 1660 quae
1560 1595 1625 1645 fit
1668 1609 1736 1646 ex

149 1676 225 1721 ea,
264 1668 534 1724 cremata,
577 1661 728 1710 inter
749 1660 994 1710 caustica
1026 1667 1129 1712 est.
1206 1661 1497 1713 Giniseius
1518 1677 1587 1714 ex
1608 1665 1733 1714 vino

150 1739 305 1794 potus
339 1745 597 1782 somnum
631 1729 806 1780 facitz
845 1729 970 1794 ipsa
989 1743 1059 1780 ex
1080 1744 1227 1795 aqua
1244 1731 1513 1793 imposita
1534 1732 1735 1781 callum

149 1807 318 1851 sanat.

210 1885 326 1936 LII.
362 1886 448 1938 Ne
487 1886 546 1934 in
568 1884 824 1950 Aegypto
862 1880 1081 1950 quidem
1128 1881 1376 1930 nascitur
1414 1881 1635 1941 ebenuS,
1677 1889 1739 1932 ut

149 1955 458 2007 docuimus:
483 1967 590 2004 nec
607 1959 909 2003 tractamus
931 1953 985 2002 in
1010 1949 1283 2002 medicina
1306 1950 1519 2002 alienos
1544 1949 1733 2002 orbes:

147 2039 248 2075 non
273 2027 574 2076 omittetur
614 2028 800 2073 tamen
834 2029 1059 2088 propter
1084 2022 1427 2073 miraculum.
1500 2017 1733 2074 Scobem

148 2093 258 2145 eius
283 2094 465 2144 oculis
489 2091 655 2142 unice
683 2090 894 2141 mederi
917 2091 1129 2140 dicunt:
1174 2091 1434 2156 lignoque
1458 2089 1528 2138 ad
1556 2095 1733 2140 cotem

145 2164 272 2213 trito
305 2178 429 2213 cum
455 2175 645 2228 pass0,
691 2157 982 2226 caliginem
1010 2160 1257 2213 discutit.
1333 2159 1415 2208 Ex
1438 2159 1582 2228 aqua
1602 2168 1734 2210 vero

147 2233 344 2293 radice,
366 2231 667 2296 albugines
689 2228 991 2281 oculorum.
1048 2229 1186 2282 ltem
1211 2228 1446 2296 tussim,·'
1465 2227 1601 2298 pari·
1622 2242 1735 2278 mo-

149 2300 212 2352 do
247 2300 580 2353 dracunculi
621 2297 824 2348 radicis
847 2297 1067 2358 adiecto
1090 2313 1211 2349 cum
1236 2295 1444 2348 melle.'
1482 2297 1733 2367 Ehenum

147 2371 338 2422 medici
361 2377 420 2422 et
442 2369 593 2420 inter
609 2367 902 2418 erodentia
921 2369 1223 2442 assumunt.
1240 2364 1259 2440 ᾗ
1498 2373 1505 2384 '
1560 2379 1565 2384 ·
1656 2376 1663 2384 ’

205 2455 346 2508 Lm.
385 2452 834 2508 Rhododendros
870 2467 935 2502 ne
976 2447 1176 2504 nomen.
1208 2441 1739 2524 qui'dem'lapufd'nos

147 2526 346 2577 invenit
365 2524 664 2577 Latinum:
685 2517 1361 2594 rhododaph‘nenyocant,
1384 2517 1481 2590 aut
1500 2522 1737 2592 nerium.

147 2593 357 2657 Mirum,
397 2593 547 2644 folia
591 2591 710 2642 cius
734 2589 1147 2657 quadrupedum
1170 2604 1434 2660 vencnum
1464 2605 1602 2650 esse,
1644 2586 1747 2638 ho·-

147 2663 272 2716 mini
296 2677 432 2717 vero
455 2666 658 2716 contra
679 2666 965 2728 serpentes
990 2649 1357 2730 praesidium,
1384 2663 1513 2710 ruta
1550 2656 1743 2726 addita
1786 2674 1788 2680 ·
