2033 3044
315 120 615 173 NATUR.
651 119 1002 173 HISTOR.
1038 120 1201 174 LIB.
1234 122 1441 177 XXIV.
1478 121 1682 175 13·18.
1758 124 1791 174 7

259 220 384 273 XV.
421 222 498 272 Et
521 225 765 290 styracis
796 229 1051 275 naturam
1084 226 1142 275 in
1173 226 1474 290 peregrinis
1504 225 1795 276 arboribus

189 292 565 357 exposuimus.
643 292 839 343 Placet
863 301 1085 357 praeter
1105 294 1207 343 illa
1230 308 1367 357 quae
1390 294 1650 357 diximus,
1682 308 1797 344 ma-

186 362 334 411 xime
355 362 595 426 pinguis,
639 374 828 425 purus,
869 361 1237 413 albicantibus
1262 362 1604 428 fragmentis.
1677 363 1797 414 Me·

187 428 349 481 detur
370 430 528 489 tussi,
553 428 830 489 faucibus,
852 430 1289 494 pectoris-vitiis,
1325 430 1519 481 vulvae
1542 430 1794 496 praeclu-

187 513 304 558 sae,
327 496 607 548 duritieve
630 498 925 549 laboranti.
1001 500 1126 549 ciet
1147 514 1359 549 menses
1384 506 1537 563 potu,
1577 502 1794 563 apposi-

190 572 338 627 tuve,
361 566 548 617 alvum
573 566 774 619 mollit.
850 568 1073 618 Invenio
1096 575 1231 633 potu
1264 567 1482 618 modico
1505 567 1796 618 tristitiam

111 640 122 649 ’
189 635 363 685 animi
403 636 638 698 resolvi,
676 636 922 701 largiore
967 635 1241 687 contrahi.
1311 635 1539 687 Sonitus
1580 636 1795 687 aurium

192 703 453 755 emendat
472 704 690 755 infusuz
726 712 971 755 strumas
994 706 1153 765 illitu,
1175 718 1579 771 nervorumque
1603 703 1797 754 nodos.

189 772 534 825 Adversatur
571 778 818 837 venenis,
863 789 1005 840 quae
1050 773 1261 839 frigore
1301 780 1527 825 nocent:
1565 773 1695 823 ideo
1740 779 1799 823 et

194 843 424 893 cicutae.
719 884 724 889 .

259 909 408 961 XVI.
447 909 798 977 Spondylion
840 927 951 963 una
990 912 1448 973 demonstratum,
1490 910 1799 962 infunditur

194 980 472 1046 capitibus
517 978 990 1045 phreneticorum,
1038 988 1094 1033 et
1131 980 1609 1047 lethargicorumz
1663 980 1798 1029 item

194 1049 402 1115 capitis
423 1048 713 1099 doloribus
744 1049 944 1115 longis.
1018 1052 1151 1102 Cum
1188 1050 1313 1103 oleo
1347 1054 1537 1100 vetere
1571 1046 1800 1107 bibitur,

193 1124 248 1169 et
268 1119 324 1167 in
344 1117 656 1169 iocinerum
679 1118 851 1181 vitiis,
873 1122 1066 1171 morbo
1095 1120 1269 1185 regio,
1290 1116 1689 1179 comitialibus,
1712 1128 1800 1165 or-

194 1185 532 1254 thopnoicis,
555 1187 840 1237 vulvarum
867 1188 1328 1257 strangulatione,
1352 1188 1549 1255 quibus
1574 1190 1631 1235 et
1650 1182 1800 1235 suffi-

192 1262 254 1306 tu
273 1254 526 1321 prodest.
595 1255 794 1307 Alvum
817 1257 1015 1308 mollit.
1077 1258 1317 1309 lllinitur
1340 1256 1660 1308 hulceribus
1681 1268 1799 1305 ser·

193 1324 457 1391 pentibus
480 1338 604 1375 cum
633 1332 783 1377 ruta.
856 1326 990 1376 Flos
1020 1327 1247 1377 auribus
1277 1324 1585 1393 purulentis
1620 1322 1802 1375 effica-

195 1395 335 1445 citer
353 1392 689 1444 infunditur.
764 1393 872 1446 Sed
897 1411 1091 1447 succus
1116 1411 1236 1447 cum
1263 1395 1624 1461 exprimitur,
1662 1394 1803 1443 inte-

197 1461 410 1531 gendus
435 1468 542 1525 est,
582 1466 842 1529 quoniam
875 1466 1019 1516 mire
1047 1466 1331 1532 appetitur
1365 1480 1399 1514 a
1420 1463 1621 1515 muscis
1645 1469 1703 1515 et
1724 1464 1799 1513 si-

197 1531 441 1583 milibus.
515 1532 700 1584 Radix
721 1532 934 1595 derasa,
975 1541 1033 1586 et
1053 1537 1108 1585 in
1130 1534 1348 1586 fistulas
1371 1534 1639 1596 coniecta,
1682 1532 1801 1583 cal·

195 1600 310 1652 lum
333 1616 525 1653 earum
552 1603 753 1653 erodit.
827 1603 1067 1655 Auribus
1099 1618 1316 1670 quoque
1344 1603 1654 1666 instillatur
1675 1614 1803 1652 cum

197 1685 380 1722 succo.
455 1669 640 1721 Datur
661 1675 719 1722 et
763 1673 882 1737 ipsa
903 1679 1099 1723 contra
1119 1673 1367 1722 morbum
1393 1666 1622 1738 regium,
1664 1675 1721 1720 et
1743 1669 1802 1718 in

197 1738 462 1790 iocineris
484 1739 624 1789 vitio
645 1775 662 1802 ,
709 1747 766 1792 et
786 1742 1094 1792 vulvarum.
1167 1739 1411 1804 Capillos
1434 1740 1646 1803 crispos
1667 1737 1807 1787 facit

198 1813 467 1874 peruncto
493 1808 695 1874 capite.

264 1875 444 1928 xvu.
482 1875 793 1943 Sphagnos,
833 1878 948 1927 sive
981 1873 1235 1942 sphacos,
1280 1872 1399 1924 sive
1431 1874 1631 1940 bryon,
1671 1871 1806 1923 etin

197 1944 402 2006 Gallia,
426 1951 487 1995 ut
509 1945 893 2006 indicavimus,
914 1945 1181 2006 nascitur,
1220 1943 1395 1992 vulvis
1418 1941 1651 1994 decocto
1673 1941 1807 1992 insi·

198 2013 448 2064 dentium
473 2013 657 2064 utilis:
693 2015 827 2064 item
851 2015 1088 2080 genibus
1109 2019 1165 2064 et
1187 2013 1449 2064 feminum
1473 2011 1805 2073 tumoribus,

198 2083 410 2133 mixtus
450 2082 746 2143 nasturtio,
785 2087 842 2133 et
878 2097 1027 2147 aqua
1058 2083 1209 2134 salsa
1240 2082 1425 2144 tritus.
1483 2079 1632 2131 'Cum
1672 2081 1802 2130 vino

199 2156 388 2202 autem
412 2166 477 2202 ac
499 2151 691 2202 resina
712 2151 862 2203 sicca
882 2152 1287 2216 potus,urinam
1308 2150 1472 2217 pellit
1496 2148 1803 2200 celerrime.

198 2219 566 2287 Hydropicos
587 2221 782 2282 inanit,
825 2235 947 2271 cum
984 2221 1114 2272 vino
1155 2227 1213 2273 et
1242 2218 1513 2287 iuniperis
1546 2217 1716 2268 tritus
1747 2222 1805 2269 et

201 2295 381 2354 potus.

269 2355 478 2410 xvnl.
517 2355 850 2410 Terebinthi
890 2356 1031 2409 folia
1072 2364 1129 2409 et
1170 2357 1334 2409 radix
1377 2354 1807 2420 collectionibus

199 2425 580 2492 imponuntur.
655 2425 958 2477 Decoetum
999 2441 1191 2478 eorum
1222 2422 1567 2476 stomachum
1604 2422 1808 2476 firmat.

201 2492 402 2546 Semen
441 2495 500 2547 in
541 2494 741 2560 capitis
774 2494 967 2547 dolore
1001 2495 1210 2546 bibitur
1239 2495 1295 2545 in
1333 2493 1481 2552 vino,
1524 2496 1580 2544 et
1614 2500 1810 2543 contra

204 2562 601 2616 difficultatem
624 2563 836 2616 urinae.
909 2565 1175 2617 Ventrem
1196 2563 1401 2614 leniter
1422 2559 1655 2614 emollit.
1689 2558 1805 2610 Ve-

207 2647 396 2688 nerem
418 2634 646 2686 excitat.
711 2665 722 2670 -
