2033 3044
271 191 441 246 NAT.
463 191 642 248 HIST
703 193 825 250 AB.
845 189 1020 248 XXV.
1044 188 1292 254 108-,11o
1316 189 1520 249 XXVI.
1539 188 1651 244 1-3.
1720 187 1791 244 83

201 311 273 366 po
319 295 705 354 emendantur.
777 293 1053 364 Stigmata
1092 295 1149 346 in
1194 293 1339 346 faeie
1393 295 1790 365 mandragoras

197 365 385 420 initus
412 367 578 422 delet.
1001 397 1006 404 .
1163 400 1167 405 .
1428 403 1431 408 .

303 686 310 702 .
423 606 564 734 cl
616 609 976 700 PLINH
1078 589 1579 701 SECUNDI
1625 555 1633 564 ⁶

195 749 978 890 NAT'URALIS
1051 793 1799 880 HISTORIAE

572 971 803 1036 121ss
847 971 908 1036 E
962 971 1019 1034 R
1102 969 1407 1038 XXVI.

193 1263 236 1317 1.
272 1227 528 1328 Sssxsrr·
556 1267 614 1314 et
633 1260 804 1316 facies
827 1243 1109 1314 hominum
1134 1280 1323 1327 novoS,
1366 1265 1626 1335 omnique
1652 1281 1788 1318 aevo

195 1333 382 1401 priore
424 1333 765 1400 incognitos,
806 1347 914 1384 non
945 1333 1141 1386 ltaliae
1185 1335 1365 1398 mode,
1405 1352 1591 1400 verum
1614 1338 1788 1388 etiam

198 1405 488 1456 universae
513 1417 688 1468 prope
713 1405 979 1468 Europae,
1013 1405 1263 1455 morbos:
1287 1411 1421 1456 tunc
1442 1421 1659 1472 quoque
1680 1420 1791 1458 non

202 1481 318 1527 tota
342 1473 530 1535 Italia,
570 1487 678 1524 neo.
697 1487 796 1539 per
833 1473 1115 1539 Illyricum
1143 1475 1424 1527 Galliasve
1462 1483 1557 1527 aut
1582 1476 1787 1545 Hispa-

199 1545 314 1597 nias
334 1556 674 1609 magnopere
694 1549 936 1609 vagatos,
958 1550 1058 1597 aut
1076 1544 1228 1607 alibi,
1247 1561 1406 1612 quam
1429 1546 1660 1609 Romae„
1678 1548 1787 1601 cir·

200 1629 388 1681 eaque:
417 1613 542 1663 sine
567 1611 761 1663 dolore
783 1613 1000 1679 quidem
1035 1614 1182 1677 illm,
1218 1631 1285 1665 ae
1304 1618 1421 1665 sine
1447 1617 1690 1681 pernicie
1714 1617 1790 1668 vi-

197 1692 308 1746 tae,
334 1681 438 1735 sed
462 1686 624 1733 tanta
653 1680 940 1751 foeditate,
971 1689 1035 1733 ut
1066 1698 1427 1749 quaecunque.
1452 1698 1600 1735 mors
1627 1700 1787 1753 prae-

199 1752 430 1806 ferenda
450 1756 617 1803 esset.
849 1790 851 1792 .
1404 1798 1412 1803 ,
1433 1796 1437 1801 ,
1503 1792 1507 1797 ,

243 1823 328 1875 Ἡ.
362 1820 764 1874 Gravissimum
784 1832 852 1869 ex
873 1814 958 1867 his
979 1816 1229 1883 lichenas
1244 1819 1597 1883 appellavere
1616 1822 1791 1875 Grae-

197 1908 262 1945 oo
280 1890 531 1945 nomine:
565 1890 785 1950 Latine,
810 1888 1064 1954 quoniam
1089 1903 1123 1939 a
1144 1896 1328 1942 mento
1350 1888 1465 1940 fere
1492 1891 1791 1954 oriebatur,

195 1960 436 2014 ioculari
461 1961 700 2028 primum
726 1957 975 2020 lascivia,
997 1962 1087 2021 (ut
1104 1964 1189 2011 est
1208 1973 1410 2024 procax
1433 1965 1632 2011 natura
1651 1961 1792 2011 mul.

195 2040 378 2085 torum
393 2032 455 2084 ia
478 2029 674 2099 alienis
693 2026 969 2093 miseriis,)
990 2042 1121 2079 mox
1144 2036 1199 2080 et
1220 2036 1483 2095 usurpato
1498 2029 1793 2094 vocabulo,

197 2107 569 2168 mentagram=
603 2102 958 2167 occupantem
981 2099 1045 2157 in,
1062 2097 1255 2150 multis
1280 2105 1430 2151 totos
1455 2098 1649 2164 utique
1673 2100 1790 2151 vul-

193 2176 318 2233 tus,
339 2169 539 2239 toculis
558 2173 774 2225 tantum
803 2166 1165 2229 immunibus,
1209 2168 1634 2223 descendentem
1660 2184 1793 2221 vero

193 2246 253 2295 et
272 2238 334 2293 in
355 2240 506 2296 oolla
526 2242 829 2307 pectusque
851 2252 916 2290 ae
951 2252 1159 2299 manus,
1202 2238 1368 2292 foedo
1392 2240 1537 2290 cutis
1560 2236 1793 2291 furfure.

237 2304 358 2363 ·111.
385 2308 528 2367 ‘Non
550 2306 735 2375 fuerat
757 2302 893 2361 haec
915 2305 1036 2359 lues
1060 2307 1201 2375 apud
1227 2308 1472 2359 maiores
1496 2312 1792 2376 patresque

193 2386 441 2433 nostros.
513 2375 590 2429 Et
630 2378 858 2443 primum
882 2378 1099 2429 Tiberii
1121 2376 1339 2428 Claudii
1359 2378 1613 2429 Caesaris
1636 2380 1789 2445 prin-

195 2450 386 2516 eipatu
427 2446 615 2499 medio
648 2440 874 2511 irrepsit
903 2446 960 2497 in
982 2446 1223 2509 ltaliam,
1264 2446 1502 2511 quodam
1527 2447 1791 2499 Perusino

193 2518 385 2587 equite
406 2516 661 2569 Romano
684 2516 1004 2583 quaestorio
1026 2515 1229 2578 scriba,
1253 2516 1455 2567 cumin
1478 2516 1608 2568 Asia
1630 2533 1792 2585 appa-

191 2587 420 2649 ruisset,
443 2588 576 2639 inde
597 2587 977 2655 contagionem
999 2586 1119 2639 eius
1140 2586 1493 2653 importante.
1534 2588 1579 2639 N
1586 2604 1649 2640 ec
1668 2603 1791 2639 sen·

191 2672 316 2713 sere
340 2656 407 2711 id
433 2654 641 2707 malum
666 2654 920 2719 feminae,
953 2662 1049 2706 aut
1068 2655 1317 2717 servitia,
1363 2656 1660 2724 plebesque
1684 2656 1786 2706 hu-

193 2726 370 2793 milis,
391 2732 493 2780 aut
516 2724 727 2779 media:
751 2726 847 2780 sed
869 2741 1129 2793 proceres
1150 2724 1325 2847 veloFoi
1335 2726 1589 2847 2transitu
1612 2720 1787 2777 osculi
